4902 6040
1941 421 2960 507 --·--·8—--

422 650 425 651 ⁷
520 684 525 688 .
619 620 920 713 quamvis
974 615 1507 710 repugnantibus
1555 614 1851 706 patriciis
1902 614 2130 707 legem
2178 615 2366 701 tulit,
2445 638 2532 684 ne
2561 616 2747 707 „quis
2797 616 2952 706 plus
3002 615 3382 707 quingentis
3438 614 3796 707 jugeribus
3848 617 3998 709 agri
4046 616 4305 708 publici

617 740 1001 834 possideret
1050 759 1219 806 neve
1267 743 1594 826 pasceret·
1629 735 1700 801 in
1750 734 2036 823 publicis
2086 737 2353 825 pascuis
2398 737 2555 825 plus
2608 744 2879 804 centum
2945 735 3275 824 capitibus
3341 732 3619 825 majoris
3676 734 3920 826 plusve
3971 737 4306 829 quingen-

618 863 705 931 ὦ
771 860 1042 938 minoris
1108 856 1394 948 pecoris.
1496 854 1865 923 Decretum
1932 846 2297 946 praeterea*
2353 866 2491 942 est,
2561 865 2635 924 ut
2702 857 2793 925 ad
2857 854 3156 926 curanda
3218 876 3432 945 opera
3491 856 3739 923 rustica
3804 856 4090 946 quisque
4156 859 4302 951 agri

618 981 878 1073 publici
925 996 1271 1071 possessor
1321 981 1583 1042 certum
1631 995 1981 1043 numerum
2032 975 2396 1043 liberorum
2444 976 2800 1047 hominum
2851 977 3083 1044 aleret.
3186 977 3408 1061 Quem
3470 974 3757 1066 quisque
3808 997 4050 1068 agrum
4097 998 4300 1067 supra

532 1114 542 1123 “
619 1101 969 1171 definitum
1018 1097 1177 1190 lege
1223 1094 1505 1197 modum
1552 1094 1980 1184 possidebat,
2032 1117 2188 1162 eum
2234 1095 2437 1163 vendi
2483 1096 2643 1187 lege
2684 1095 2955 1187 jussum
3003 1095 3268 1163 videtur
3322 1091 3360 1140 ⁹
3375 1093 3476 1184 8).
3593 1094 3791 1163 Ηαβα
3844 1096 3954 1164 lex
4004 1096 4299 1167 Stolonis

605 1216 1059 1314 jurejurando
1110 1190 1373 1284 sacrata
1421 1221 1521 1281 est
1552 1213 1936 1303 mulctaque
1965 1212 2343 1282 ‹testinata’
2326 1216 2425 1300 ris,
2475 1217 2594 1305 qui
2627 1225 2868 1285 contra
2900 1215 3144 1285 facturi
3184 1224 3427 1283 essent.
3532 1212 3888 1306 Oppressa
3920 1214 4058 1283 hoc
4091 1216 4300 1287 modo

618 1338 1049 1411 contentione
1099 1335 1188 1423 de
1236 1335 1395 1428 lege
1443 1334 1727 1424 agraria,
1778 1332 2084 1401 coloniae
2134 1334 2384 1422 passim
2436 1334 2773 1405 deductae
2826 1345 2981 1403 suat
3028 1357 3333 1428 agerque
3364 1333 3703 1402 interdum
3749 1335 4125 1428 assignatus
4144 1336 4183 1384 2
4199 1337 4305 1425 ⁹).

619 1448 881 1530 Sensim
933 1466 1157 1525 tamen
1206 1441 1319 1521 lex
1366 1452 1631 1546 agraria
1680 1454 1750 1519 in
1799 1452 2207 1521 oblivionem
2257 1453 2374 1521 ivit
2427 1463 2500 1522 et
2549 1456 2892 1524 contemni
2942 1466 3190 1545 coepta
3213 1464 3340 1537 ,est
3399 1452 3526 1541 ³⁰)
3548 1503 3568 1538 ,
3619 1455 3713 1523 ita
3760 1464 3837 1521 ut
3886 1464 4051 1545 poa
4099 1456 4299 1547 puni-

622 1602 777 1653 cum
840 1576 1103 1644 bellum
1165 1573 1438 1641 tertium
1505 1594 1629 1640 usu
1676 1569 1828 1660 jam
1891 1593 2191 1662 prorsus.
2234 1572 2579 1663 antiquata
2641 1586 2834 1644 esset.
2939 1576 3123 1643 Tum
3188 1595 3352 1642 vero
3422 1556 3572 1643 toto
3639 1583 3966 1643 terrarum
4027 1575 4201 1643 orbe
4265 1599 4308 1643 a

622 1697 949 1770 Romanis
1002 1702 1357 1784 superato,
1411 1691 1673 1775 Sicilia,
1726 1688 2073 1777 Sardinia,
2123 1692 2492 1781 Hispania,
2552 1693 2826 1779 Africa,
2897 1692 3221 1778 Θηβαία,
3292 1693 3455 1762 Asia
3502 1694 3573 1760 in
3621 1694 4114 1783 provincial-mn
4162 1693 4310 1762 for-

621 1842 804 1890 mam
853 1814 1140 1883 redactis
1160 1862 1181 1900 ,
1248 1810 1542 1880 Romani
1608 1810 1854 1900 populi
1916 1811 2213 1879 conditio
2282 1811 2409 1879 fuit
2481 1814 2844 1882 tristissima
2903 1810 3060 1901 ³1),
3138 1813 3336 1881 Italia
3400 1834 3527 1903 per
3593 1815 3907 1881 continua
3956 1812 4140 1880 bella
4185 1838 4304 1882 ex-

624 1940 867 2009 hausta
916 1934 1068 2002 viris
1088 1981 1109 2019 ,
1160 1932 1425 2000 tributis
1477 1931 1742 2015 attrita,
1811 1949 1898 1997 ne
1935 1928 2249 1999 habebat
2301 1930 2583 2024 quidem
2595 1982 2616 2019 ,
2683 1931 2864 2001 unde
2912 1933 3106 2001 malis
3155 1933 3618 2003 mederetur..
3664 1933 3842 2001 Nam
3890 1931 4116 2024 major
4160 1933 4305 2001 Ita-

624 2038 756 2129 liae
826 2076 985 2146 pars
1054 2060 1389 2142 occupata
1455 2056 1600 2117 erat
1678 2070 1804 2137 per
1867 2047 2221 2116 latifundia
2289 2050 2571 2121 divitum
2587 2101 2607 2137 ,
2688 2054 2804 2141 qui
2857 2052 3366 2123 fructuosiorem
3429 2051 3907 2142 agriculturam
3956 2061 4305 2121 cernentes

628 2201 774 2250 esse
822 2197 951 2266 per
1001 2194 1263 2255 servos,
1330 2189 1544 2261 parvo
1608 2167 1948 2258 parabiles
2013 2178 2083 2236 et
2149 2193 2189 2237 a
2254 2170 2491 2237 militia
2555 2194 2839 2255 vacuos,
2912 2171 3234 2239 Italorum
3304 2172 3752 2265 ingenuorum
3801 2170 4176 2239 ministeriis
4225 2193 4308 2239 ne

623 2299 717 2369 ml
763 2291 1135 2365 factitanda
1197 2289 1469 2383 quidem
1520 2309 1732 2377 opera
1798 2288 2042 2356 rustica
2092 2289 2473 2357 utebantur.
2574 2289 2748 2358 Inde
2810 2292 3106 2359 vacuitas
3157 2312 3475 2383 agrorum
3495 2340 3516 2377 ,
3581 2290 3941 2359 colentium
4007 2290 4312 2382 paucitas

624 2428 696 2488 et
742 2418 814 2485 in
863 2409 1157 2481 colendo
1208 2429 1291 2475 ex
1337 2415 1744 2499 paupertate
1798 2406 2143 2489 socordia3
2211 2407 2370 2476 inde
2420 2407 2738 2501 conjug-ia
2801 2431 2950 2478 rara
3018 2420 3089 2478 et
3135 2409 3504 2478 liberorum
3553 2410 3803 2479 orbitas
3820 2459 3839 2495 ,
3911 2433 4083 2501 quos
4134 2411 4312 2477 alere

624 2559 766 2607 non
814 2538 1133 2627 possent3
1205 2526 1365 2596 inde
1415 2527 1701 2595 militum
1753 2526 1986 2617 inopia
2053 2538 2122 2596 et
2174 2528 2561 2597 delectuum
2613 2527 2970 2597 difficultas
3031 2529 3179 2619 ³2).
3283 2528 3630 2598 Malorum
3685 2540 3907 2597 autem
3973 2539 4310 2599 tantorum

629 2633 1012 2727 emendatio
1064 2670 1242 2717 nunc
1278 2645 1426 2737 jam
1479 2656 1625 2714 erat
1673 2644 2097 2717 difficillima.
2198 2647 2465 2717 Reduci
2516 2649 2693 2715 enim
2759 2648 2958 2739 plebs
3022 2649 3092 2717 in
3141 2670 3346 2740 agros
3396 2670 3536 2716 non
3584 2657 3854 2739 poterat
3902 2649 4041 2717 sine
4089 2649 4310 2738 possi-

628 2775 934 2851 dentium
986 2767 1326 2837 eversione
1345 2814 1365 2849 ,
1434 2766 1552 2856 qui
1600 2765 1863 2835 relictas
1929 2766 2058 2835 sibi
2106 2792 2146 2835 a
2197 2767 2563 2859 majoribus
2617 2766 2812 2836 sedes
2865 2777 3121 2854 aetate,
3199 2770 3386 2859 quasi
3430 2766 3587 2859 jure
3630 2766 4040 2839 hereditario
4089 2767 4310 2857 possi-

632 2894 885 2966 debant
934 2909 1183 2978 easque
1235 2884 1554 2955 aedificiis
1607 2884 1887 2975 aliisque
1935 2889 2383 2956 instruxerant
2433 2888 2757 2978 operibus
2817 2886 2971 2975 ³³).
3104 2874 3110 2879 ’

831 3003 1256 3077 Incommodi
1271 3050 1292 3087 ,
1363 3000 1552 3090 quod
1600 3000 1759 3069 inde
1810 3024 1897 3070 ex
1945 3002 2085 3070 hoc
2143 3024 2365 3070 rerum
2416 3009 2591 3070 statu
2641 3001 3029 3070 imminebat
3079 3000 3328 3070 civitati
3343 3051 3363 3088 ,
3433 3023 3758 3092 quaerens
3821 3000 4195 3071 remedium
4242 3011 4311 3070 et

639 3132 943 3201 misertus
994 3126 1273 3211 inopum
1325 3121 1561 3187 civium
1578 3169 1598 3206 ,
1652 3121 1813 3189 Tib.
1847 3120 2286 3213 Sempronius
2341 3120 2696 3190 Gracchus
2740 3123 2970 3215 legem
3020 3121 3363 3190 renovavit
3412 3119 3773 3190 Liciniam:
3821 3122 4106 3211 nequis
4158 3121 4314 3212 plns

638 3246 1024 3342 quingentis
1075 3242 1224 3332 agri
1273 3237 1531 3331 publici
1573 3239 1929 3332 jugeribus
1979 3241 2377 3332 possideret.
2467 3240 2753 3332 Adjeeit
2800 3251 3024 3310 tamen
3090 3242 3301 3309 veteri
3367 3240 3542 3333 legi:
3611 3241 3814 3310 licere
3877 3242 4133 3309 civibus
4181 3262 4314 3330 pro

636 3371 792 3439 filiis
841 3363 1129 3435 familias
1196 3357 1548 3450 possidere
1614 3360 1801 3428 modi
1832 3358 1840 3365 ’
1870 3358 2074 3451 hujus
2127 3360 2480 3429 dimidium
2539 3360 2693 3451 ⁸4).
2802 3359 3155 3450 Quidquid
3215 3369 3448 3446 ,autem
3517 3359 3663 3452 agri
3730 3358 4174 3451 superfuerit,
4244 3357 4317 3427 id
4403 3355 4413 3364 ’

641 3498 958 3582 oportere
1022 3478 1438 3576 pauperibus
1501 3477 1712 3546 dividi
1779 3500 1904 3569 per
1968 3479 2344 3548 triumviros
2359 3530 2380 3567 ,
2473 3482 2590 3571 qui
2654 3480 2726 3549 in
2787 3502 2996 3549 annos
3075 3481 3372 3572 singulos
3450 3489 3881 3549 mutarentur.
3982 3481 4090 3550 Ne
4151 3501 4316 3548 vero

672 3643 775 3738 1313)
812 3668 1029 3737 Appian.
1066 3664 1135 3718 de
1167 3662 1289 3715 bell.
1327 3660 1422 3715 civ.
1459 3658 1517 3723 1,
1551 3664 1604 3712 Β.

557 3792 569 3804 .
680 3756 773 3821 ²⁹)
808 3753 986 3806 Livius
1034 3749 1196 3810 VIII,
1245 3750 1338 3809 11,
1386 3747 1479 3808 16,
1524 3745 1712 3812 Vellej.
1759 3746 1878 3799 Pat.
1915 3746 1975 3809 1,
2025 3749 2128 3813 14,
2172 3747 2351 3800 Livius
2386 3748 2545 3814 VllI,
2595 3752 2694 3812 21,
2741 3752 2841 3811 22,
2883 3746 2995 3810 IX,
3028 3749 3129 3811 26,
3165 3750 3266 3810 28,
3300 3747 3384 3812 X‘,
3421 3750 3486 3811 1,
3519 3751 3584 3800 6:
3641 3745 3845 3799 Romae
3877 3761 4084 3813 quoqne
4115 3745 4315 3813 plebem

816 3838 1042 3904 quietam
1078 3840 1132 3886 et
1166 3839 1497 3885 exoneratam
1533 3829 1789 3883 deducta
1787 3831 1836 3882 in
1860 3832 2086 3884 colonias
2123 3833 2394 3886 multitudo
2427 3835 2739 3903 praestabat.
2775 3836 2859 3899 X,
2893 3839 2995 3898 10,
3032 3838 3131 3897 13,
3167 3837 3254 3885 21.
3323 3833 3549 3901 Epitom.
3584 3831 3697 3894 XI,
3730 3831 3888 3895 XlV,
3923 3832 4053 3897 XV,
4087 3832 4307 3900 Eutrop-

816 3923 898 3984 ll,
933 3923 999 3983 9,
1044 3918 1160 3970 Liv.
1201 3917 1340 3986 Epit.
1374 3917 1532 3980 XVI,
1565 3915 1726 3977 XlX,
1775 3916 1967 3970 Zouar.
2005 3919 2185 3970 Annal.
2226 3918 2385 3984 Vlll,
2433 3926 2496 3983 7,
2548 3921 2666 3973 Liv.
2703 3921 2845 3989 Epit.
2878 3920 3016 3984 XX,
3048 3917 3315 3983 XXVIlI,
3353 3922 3448 3981 11,
3490 3916 3704 3980 XXXI,
3740 3920 3803 3980 4,
3838 3920 3937 3980 48,
3984 3917 4227 3981 ΧΧΧΙΙ,
4262 3922 4313 3980 1,

863 4009 1013 4072 ,29,
1047 4002 1314 4065 XXXIII,
1346 4005 1445 4066 24,
1482 3999 1745 4064 XXXIV,
1780 4003 1877 4065 45,
1913 4006 2009 4065 53,
2059 4003 2295 4067 XXXV,
2328 4007 2396 4067 9,
2431 4008 2528 4069 40,
2572 4005 2865 4070 XXXVll,
2900 4011 3000 4070 46,
3035 4009 3135 4068 47,
3170 4007 3268 4068 57,
3316 4004 3503 4072 Vellej.
3535 4002 3656 4055 Pat.
3692 4002 3745 4066 l,
3784 3988 3878 4067 15,
3911 4001 4027 4055 Liv.
4059 4001 4316 4066 XXXIX,

817 4096 916 4155 44,
950 4093 1050 4153 55,
1084 4087 1215 4150 XL,
1248 4091 1349 4150 29,
1386 4091 1483 4151 34,
1518 4091 1617 4150 43,
1655 4086 1809 4150 XLI,
1848 4091 1942 4150 13,
1977 4087 2164 4151 XLlI,
2198 4091 2262 4153 4,
2298 4094 2399 4151 22,
2432 4090 2643 4153 XLIII,
2680 4094 2764 4144 17.

687 4181 777 4248 30)
813 4179 995 4232 Livius
1027 4173 1111 4236 X,
1149 4177 1242 4235 13,
1275 4177 1377 4235 23,
1410 4175 1507 4235 47,
1544 4172 1758 4236 XXIII,
1797 4177 1890 4237 16,
1925 4171 2161 4237 XXVII,
2197 4179 2257 4238 6,
2294 4174 2484 4238 XXX,
2520 4180 2616 4239 39,
2654 4174 2867 4239 XXXI,
2900 4179 2998 4240 50,
3037 4175 3307 4239 XXXIII,
3337 4178 3435 4239 25,
3469 4177 3572 4237 42,
3605 4173 3843 4236 XXXV,
3880 4178 3966 4229 10.

690 4266 783 4333 ⁸¹)
819 4264 1033 4318 Sallust.
1069 4260 1192 4312 bell.
1226 4257 1468 4324 Jugurth.
1504 4263 1572 4312 31
1610 4265 1663 4310 et
1695 4261 1790 4322 41,
1835 4259 2014 4312 Livius
2050 4259 2317 4324 XXXIV,
2353 4263 2413 4312 4:
2469 4261 2685 4314 diversis
2720 4259 2924 4313 duobus
2957 4262 3122 4324 vitiis,
3157 4260 3372 4313 avaritia
3407 4265 3462 4312 et
3491 4260 3726 4334 lugaria,
3770 4260 4029 4313 civitatem
4060 4260 4315 4313 laborare.

819 4350 936 4402 Liv.
970 4344 1239 4408 XXXIX,
1276 4349 1339 4397 σε
1378 4344 1643 4397 Luxuriae
1676 4345 1984 4413 peregrinae
2015 4346 2164 4411 origo
2201 4346 2265 4396 ab
2303 4348 2536 4400 exercitu
2571 4346 2802 4401 Asiatico
2834 4347 3039 4400 invecta
3069 4349 3123 4400 in
3155 4346 3337 4398 urbem
3370 4350 3471 4399 est.

690 4436 781 4503 ⁸²)
821 4432 1036 4501 Appian-
1073 4430 1141 4508 de
1175 4430 1296 4482 bell.
1332 4430 1432 4488 civ.
1468 4429 1527 4493 I,
1561 4435 1597 4482 7
1606 4434 1758 4485 -27
1773 4466 1789 4493 ,
1825 4429 2087 4484 Plutarch.
2123 4431 2173 4484 ίιι
2210 4431 2480 4486 Gracchis.

690 4521 783 4588 ³⁸)
817 4519 1007 4572 Florus
1041 4515 1152 4578 Ill,
1189 4519 1271 4569 15.

691 4607 783 4674 ³⁴)
819 4603 900 4657 De
935 4604 1054 4668 lege
1088 4601 1292 4666 agraria
1329 4599 1637 4668 Sempronia
1670 4599 1789 4652 vide
1826 4616 1960 4666 quae
2010 4600 2115 4653 dixi
2157 4603 2225 4654 ad
2274 4603 2492 4670 Appian.
2529 4603 2597 4656 de
2630 4603 2749 4656 bell.
2787 4601 2882 4656 civ.
2920 4603 2977 4667 l,
3023 4609 3058 4660 9
3092 4610 3146 4659 et
3180 4606 3246 4657 11
3298 4610 3353 4657 et
3385 4601 3691 4668 Goettlingii
3724 4602 3760 4654 l.
3793 4615 3844 4653 c.
3884 4603 4091 4666 9.·432.
4161 4599 4319 4654 Quod

824 4688 1206 4753 Goettlingius,
1256 4701 1372 4738 mea
1416 4685 1704 4753 improbata
1747 4687 2032 4750 sententia,
2085 4689 2285 4755 putavit
2315 4689 2525 4744 licuisse
2557 4689 2754 4741 civibus
2787 4689 3066 4744 secundum
3101 4690 3269 4755 legem
3305 4689 3658 4756 Semproniam
3693 4702 3788 4754 pro
3830 4685 4163 4752 emancipatis
4205 4686 4320 4738 filiis

827 4772 1095 4844 possidere
1130 4773 1524 4839 quingentorum
1547 4771 1796 4836 jugerum
1839 4771 2129 4836 dimidium,
2178 4773 2231 4824 id
2274 4790 2376 4826 nou
2422 4782 2564 4826 recte
2607 4775 2851 4828 statuisse
2896 4775 2974 4828 vir
3023 4775 3207 4828 doctus
3252 4774 3370 4828 mibi
3417 4773 3636 4826 videtur.
3707 4771 4032 4838 Dnaneipati
4064 4771 4197 4823 enim
4230 4770 4319 4822 tilii

828 4865 976 4913 erant
1007 4858 1086 4911 sui
1115 4858 1248 4924 juris
1285 4864 1339 4908 et
1372 4855 1467 4924 ipsi
1502 4872 1597 4907 suo
1633 4859 1834 4910 nomine
1867 4864 2032 4912 totum
2064 4859 2268 4914 modum
2316 4859 2583 4928 possidere
2629 4865 2885 4927 poterant.
2950 4861 3068 4913 Alia
3114 4867 3196 4914 est
3228 4859 3401 4926 Pigbii
3445 4858 3731 4920 sententia,
3782 4872 3933 4924 quem
3970 4855 4321 4922 Goettlingius

825 4944 1075 4998 immerito
1110 4951 1351 5009 tanquam
1384 4957 1512 4993 suae
1546 4941 1794 5007 opinionis
1830 4950 2092 4996 auctorem
2128 4946 2319 4997 citavit.
2387 4944 2624 5015 Pighius·
2651 4945 2785 4998 enim
2819 4944 2970 4999 Τοιιι.
3007 4945 3087 4998 111
3136 4963 3185 5013 p.
3221 4950 3258 4997 5
3304 4946 3379 4997 luis
3425 4943 3595 4995 verbis
3631 4944 3818 4995 recitat
3866 4941 4037 5008 legem
4072 4943 4319 5007 Sempro-

824 5028 990 5084 niamt
1030 5029 1111 5082 Ne
1145 5029 1257 5094 quis
1291 5027 1427 5078 ultra
1460 5026 1884 5094 quingenta.agri
1910 5030 2100 5095 jugera
2134 5030 2440 5098 possideret.
2511 5029 2630 5086 Filii
2666 5030 2880 5083 familias
2914 5031 3216 5098 emancipati
3251 5045 3352 5085 non
3388 5029 3521 5082 ultra
3556 5028 3832 5084 dimiduuu.
