4902 6040
1850 442 2419 527 -χιι
2557 483 2864 510 .-

508 637 973 733 Gracchorum
1038 637 1313 728 publice
1380 645 1885 726 proposuerunt
1899 684 1919 719 ‚
2002 636 2161 703 loca
2178 688 2197 724 ‚
2285 640 2356 706 in
2421 637 2660 726 quibus
2724 637 2822 703 illi
2885 635 3218 736 interiecti
3283 646 3500 721 erant,
3585 650 4057 706 consecrarunt
4108 650 4177 705 et

510 759 1013 848 frequentarunt
1033 805 1054 838 ‚
1120 757 1443 846 primitias
1513 755 1843 824 Gracchis
1908 756 2184 847 frugum
2246 768 2569 847 tanquam
2636 756 3013 823 numinibus
3084 754 3440 823 offerentes
3495 757 3655 846 41).
3755 758 3934 827 Tam
4009 778 4176 826 con-

511 878 706 944 traria
753 887 1033 966 tamque
1080 876 1342 943 inimica
1394 873 1619 943 studia
1664 895 1804 941 non
1853 886 2171 965 poterant
2234 898 2377 943 esse
2429 877 2501 942 in
2551 875 2816 943 civitate
2867 877 3010 943 sine
3059 896 3318 943 summo
3368 875 3782 965 reipublicae
3831 877 4176 967 pericu103

506 1016 647 1064 non
694 1004 966 1085 poterat
1010 993 1343 1087 ejusmodi
1391 993 1764 1085 periculum
1818 992 1933 1060 diu
1998 996 2346 1061 imminere
2392 994 2805 1083 reipublicae
2827 1045 2846 1081 ‚
2919 996 3081 1085 quin
3132 996 3448 1062 excitaret
3498 993 3792 1084 aliquem
3841 999 4180 1067 tribunum

503 1115 731 1205 plebis
782 1113 889 1181 vel
942 1115 1148 1181 alium
1200 1116 1667 1203 magistratum
1719 1112 1808 1180 ad
1858 1113 2042 1203 pacis
2113 1113 2630 1204 componendae
2679 1123 3020 1182 conatum.
3117 1114 3277 1183 Jam
3343 1134 3504 1181 vero
3568 1113 3835 1205 legibus
3901 1117 4180 1207 agrariis

509 1233 643 1303 huc
708 1255 919 1324 usque
987 1234 1176 1318 latis,
1257 1232 1499 1321 quibus
1575 1232 1869 1300 minutae
1949 1242 2141 1300 erant
2206 1235 2642 1324 patriciorum
2708 1242 2779 1298 et
2846 1234 3273 1323 optimatium
3337 1235 3837 1324 possessiones,
3922 1235 4180 1327 plebeji
4269 1270 4283 1282 ·

509 1363 732 1445 autem
786 1374 1261 1444 pauperesque
1311 1352 1488 1419 cives
1552 1373 1751 1442 agros
1813 1362 2215 1441 acceperant
2232 1403 2252 1438 ‚
2322 1375 2533 1442 quum
2583 1353 3018 1441 perspicuum
3084 1356 3242 1421 satis
3291 1375 3450 1423 sane
3512 1363 3582 1443 et
3641 1364 3955 1442 apertum
4005 1365 4183 1427 esset

505 1472 762 1542 factum
789 1521 810 1557 ,
881 1495 1019 1540 non
1084 1494 1285 1562 posse
1340 1471 1479 1539 hoc
1539 1469 1748 1540 modo
1798 1473 2053 1540 restitui
2128 1474 2435 1542 ordinum
2490 1472 2956 1540 concordiam:
3038 1494 3216 1541 nova
3281 1494 3458 1541 nunc
3521 1472 3815 1541 ineunda
3881 1473 3988 1541 via
4055 1474 4182 1543 fuit

509 1593 777 1683 aliaque
822 1592 936 1659 lex
984 1591 1424 1675 invenienda3
1493 1590 1667 1680 q'uae
1717 1589 2026 1658 omnibus
2079 1592 2492 1659 satisfaceret
2509 1640 2546 1673 ,,
2599 1593 3032 1680 optimatibus
3085 1594 3333 1681 pariter
3383 1586 3656 1684 placens
3708 1598 3909 1682 atque
3953 1592 4181 1685 inopi-

507 1714 633 1781 bas
684 1712 939 1779 civibus
990 1719 1059 1776 et
1115 1712 1343 1794 sociis,
1398 1731 1572 1798 quae
1623 1730 1829 1798 quum
1879 1712 2375 1799 possessoribus
2426 1711 2764 1783 adimeret
2799 1713 2945 1805 agri
2996 1712 3253 1802 publici
3304 1724 3568 1803 partem
3588 1763 3609 1799 ,
3662 1713 3791 1780 alia
3824 1712 4179 1799 tribueret,

512 1843 581 1899 et
630 1831 1111 1899 detrimentum
1159 1828 1526 1896 commodo
1576 1839 2060 1919 compensaret.
2164 1831 2530 1922 Ejusmodi
2582 1832 2846 1922 legem,
2907 1854 3039 1921 qua
3090 1853 3228 1920 pax
3279 1841 3349 1899 et
3398 1831 3763 1899 concordia
3811 1854 4179 1922 compone·-

508 1963 689 2020 retur
760 1959 1126 2041 partesque
1195 1950 1744 2031 conciliarentur,
1832 1947 2156 2037 Spurium
2229 1950 2572 2018 Thorium
2650 1952 2878 2019 tulisse
2951 1952 3255 2018 arbitror.
3371 1952 3613 2041 Neque
3677 1952 3856 2019 enim
3919 1953 4180 2020 unicam

511 2071 941 2161 optimatium
995 2070 1327 2159 specta-vit
1377 2068 1732 2135 utilitatem
1752 2114 1772 2151 ‚
1849 2066 2039 2155 quod
2107 2071 2372 2157 putavit
2421 2069 2817 2138 Rudorffius
2873 2070 3007 2159 42)
3030 2120 3048 2153 ‚
3119 2090 3338 2159 neque
3386 2070 3698 2160 inopibus
3752 2070 4001 2138 civibus
4067 2084 4183 2139 aut

511 2189 703 2258 sociis
752 2189 999 2256 Italicis
1063 2189 1221 2278 lege
1286 2211 1406 2256 sua
1473 2187 1844 2278 praecipue
1904 2189 2309 2279 gratificatus
2377 2170 2481 2257 est
2499 2239 2520 2274 ‚
2608 2192 2727 2258 sed
2796 2191 3092 2257 omnium
3149 2187 3397 2278 pariter
3433 2188 3783 2257 affectans
3848 2190 4180 2279 plausum,

508 2308 849 2377 labantem
911 2306 1060 2398 jam
1138 2307 1484 2398 perpetuis
1556 2305 1919 2375 factionum
1991 2309 2451 2379 certaminibus
2520 2310 3013 2398 rempublicam
3092 2307 3181 2374 ad
3252 2309 3550 2397 quietum
3613 2318 3686 2375 et
3754 2283 4182 2398 tranciuillum

511 2437 759 2496 statum
810 2449 1126 2496 revocare
1177 2426 1407 2494 voluit.
1508 2426 1743 2516 ltaque
1791 2426 1865 2492 id
1915 2429 2357 2519 praecipuum
2410 2438 2482 2495 et
2527 2410 2994 2523 gravissimum
3046 2427 3216 2518 legis
3250 2426 3549 2496 Thoriae
3585 2436 3790 2519 caput
3819 2436 3944 2512 est,
3995 2427 4183 2518 quod

511 2548 949 2617 confirmavit.
989 2569 1222 2615 omnes
1275 2568 1477 2639 agros
1529 2556 1594 2612 et
1642 2567 1987 2636 possessos
2040 2557 2107 2615 et
2158 2548 2562 2640 assignatos,
2632 2549 2686 2615 si
2755 2521 2966 2614 modo
3031 2545 3213 2637 justo
3280 2547 3479 2615 titulo
3551 2568 3785 2615 eorum
3851 2549 3965 2616 vel
4015 2571 4175 2639 pots·¹

515 2668 721 2736 sessio
772 2667 887 2734 vel
935 2667 1319 2757 proprietas
1373 2664 1645 2732 defendi
1694 2675 1980 2756 poterat.

681 2786 740 2853 1.
810 2787 904 2854 Et
950 2789 1243 2878 primum
1296 2784 1565 2875 quidem
1621 2786 1924 2853 Thorius
1976 2785 2314 2854 revocavit
2377 2787 2660 2853 modum
2727 2808 3047 2879 agrorum
3098 2785 3358 2852 Licinia
3423 2794 3494 2853 et
3542 2784 3957 2875 Semproniis
4008 2787 4183 2881 legi-

508 2907 635 2973 bus
702 2907 1094 2985 definitum,
1172 2906 1266 2972 ita
1328 2916 1560 2988 tamen
1623 2915 1700 2970 nt
1737 2901 2221 2992 >possessiones
2288 2927 2503 2992 usque
2574 2905 2662 2971 ad
2727 2905 2908 2971 hunc
2975 2905 3257 2972 modum
3327 2912 3692 2991 occupatas
3759 2906 3827 2971 in
3888 2908 4182 2995 privatos

508 3047 708 3116 agros
757 3032 1222 3091 commutaret.
1326 3024 1485 3107 Quo
1534 3020 1785 3089 factum
1836 3031 1959 3107 est,
2016 3032 2093 3088 ut
2143 3022 2331 3112 quod
2382 3023 2756 3091 amitterent
2808 3024 2956 3116 agri
3005 3023 3263 3113 publici
3309 3043 3728 3113 possessores
3781 3024 3868 3091 de
3918 3027 4183 3118 magni-

510 3144 747 3214 tudine
796 3143 1330 3232 possessionum‚
1408 3140 1480 3208 id
1529 3143 1902 3233 reciperent
1965 3153 2167 3209 aucto
2215 3165 2533 3234 agrorum
2582 3145 2822 3234 pretio.
2924 3143 3290 3210 Praeterea
3345 3141 3696 3210 divisiones
3747 3165 4062 3234 agrorum
4111 3157 4183 3214 et

511 3264 988 3354 assignationes
1039 3285 1079 3328 a
1147 3261 1499 3327 triumviris
1552 3260 1961 3330 Gracchanis
2030 3262 2278 3347 factas),
2364 3286 2450 3329 ne
2517 3283 2842 3329 novarum
2893 3284 3120 3328 ansam
3168 3259 3516 3332 turbarum
3568 3262 3965 3332 turbulentis
4014 3266 4177 3334 civi·-

509 3383 631 3449 bus
698 3402 1156 3470 novarumque
1224 3402 1448 3448 rerum
1518 3382 1827 3449 studiosis
1893 3383 2327 3473 praeberent,
2405 3404 2523 3447 sua
2579 3381 2737 3474 lege
2805 3379 3222 3448 confirmavit
3284 3403 3531 3470 easque
3595 3382 3663 3448 in
3714 3391 4058 3470 posterum
4108 3385 4180 3454 in

510 3502 862 3569 discrimen
914 3510 983 3566 et
1032 3499 1582 3588 disceptationem
1632 3503 1860 3568 vocari
1914 3503 2144 3569 vetuit.
2249 3499 2591 3589 Quodque
2659 3504 2806 3593 agri
2871 3499 3125 3591 publici
3175 3510 3535 3588 exceptum
3603 3490 3972 3572 davimmve
4033 3515 4179 3573 erat
4295 3515 4296 3520 ’

510 3644 551 3688 a
604 3620 932 3689 Gracchis
981 3642 1067 3687 ne
1118 3618 1566 3705 divideretur,
1637 3619 1729 3702 id„
1758 3620 2062 3688 Thorius
2113 3623 2313 3688 etiam
2362 3621 2686 3688 intactum
2735 3603 3008 3709 reliquit⁴
3055 3627 3122 3686 et
3180 3620 3444 3709 excepit
3495 3617 3650 3707 4³).

662 3741 748 3808 11.
812 3738 913 3808 Ut
960 3740 1039 3806 iis
1092 3760 1362 3829 quoque
1413 3740 1907 3824 consuleretur,
1964 3742 2081 3831 qui
2127 3741 2352 3808 nullos
2403 3740 2632 3807 adhuc
2682 3760 2883 3830 agros
2935 3738 3300 3822 habereut,
3381 3738 3504 3826 Sp·
3557 3737 3853 3808 Thorius
3903 3763 4173 3834 paupe-

454 3929 457 3934 ,
512 3861 689 3929 ribus
741 3858 995 3927 civibus
1047 3881 1286 3951 agrum
1335 3859 1679 3951 publicum
1697 3910 1717 3946 ‚
1770 3860 1888 3949 qui
1935 3861 2230 3949 reliquus
2281 3869 2425 3927 erat
2444 3911 2464 3946 ‚
2515 3881 2735 3947 neque
2785 3881 2825 3924 a
2876 3859 3214 3944 Graccho,
3266 3877 3483 3945 neque
3533 3855 3664 3923 hac
3714 3858 3872 3951 lege
3922 3885 4171 3954 excep-

550 4041 643 4108 ⁴¹)
679 4042 886 4096 Quanto
929 4057 1047 4093 cum
1092 4041 1264 4093 studio
1310 4048 1486 4108 partes
1534 4041 1668 4094 inter
1716 4057 1776 4094 se
1818 4044 2217 4109 repugnaverint
2260 4049 2366 4094 tum
2412 4042 2659 4108 temporis
2696 4040 2896 4092 Romae
2931 4048 3146 4110 apparet
3180 4056 3243 4093 ex
3281 4037 3508 4091 Memmii
3555 4042 3787 4094 oratione
3839 4059 3872 4094 a
3906 4042 4171 4107 Sallustio,

678 4126 800 4180 beli.
845 4125 1087 4192 Jugurth.
1123 4125 1335 4178 historia
1366 4126 1586 4189 tradita,
1621 4143 1667 4178 c.
1702 4130 1786 4180 31.

550 4213 644 4280 ⁴⁸)
678 4214 813 4265 Vide
846 4213 1105 4265 Rudorffii
1142 4214 1281 4266 citat.
1318 4213 1431 4265 libr.
1478 4229 1528 4279 p.
1564 4216 1632 4265 33
1666 4219 1720 4265 et
1752 4216 1839 4267 3⁹.

548 4298 641 4365 ⁴³)
678 4299 812 4351 Vide
847 4301 1047 4351 tabulas
1082 4301 1213 4364 legis
1248 4299 1477 4351 Thoriae
1513 4294 1826 4350 lin-'l—lo
1871 4297 1995 4353 edit.
2032 4297 2269 4350 Rudorff.
2319 4298 2399 4348 vel
2435 4296 2696 4351 Rudorffii
2735 4298 2916 4349 librum
2950 4299 3035 4350 cit.
3072 4314 3121 4364 p.
3163 4299 3459 4349 143-147
3480 4315 3494 4348 t
3549 4326 3619 4336 —
3651 4327 3719 4338 ·-
3755 4312 3966 4364 agrum,
4004 4301 4171 4356 locum

681 4386 897 4452 sumpsit
947 4386 1242 4450 reliquum,
1293 4385 1431 4450 quod
1466 4401 1565 4435 non
1601 4385 1782 4435 modus
1819 4385 1985 4435 maior
2016 4385 2144 4444 siet,
2191 4398 2339 4448 quam
2376 4391 2616 4448 quantum
2655 4397 2808 4434 unum
2861 4382 3111 4433 hominem
3159 4397 3224 4433 ex
3261 4383 3378 4448 lege
3415 4384 3649 4450 plebeive
3683 4401 3757 4438 sc.
3804 4385 3933 4438 sibei
3969 4402 4171 4438 sumere

681 4495 746 4508 -—
781 4498 848 4509 —-
884 4496 946 4510 -
987 4471 1127 4536 quod
1161 4472 1282 4536 quoi
1329 4470 1479 4535 eique
1515 4470 1582 4522 de
1617 4471 1691 4521 eo'
1714 4467 1873 4534 ἐξω,
1923 4470 2037 4521 loco
2084 4485 2150 4521 ex
2195 4471 2314 4534 lege
2362 4470 2597 4536 plebeive
2647 4485 2720 4522 sc.
2765 4465 2925 4521 Illvir
2975 4468 3157 4520 sortito
3201 4469 3329 4520 ceivi
3362 4469 3603 4523 Romano
3647 4470 3817 4532 dedit,
3863 4471 4167 4537 adsignavit,

681 4554 821 4621 quod
855 4571 957 4608 non
991 4556 1042 4608 in
1075 4572 1138 4608 eo
1175 4572 1334 4622 agro,
1372 4557 1487 4607 loco
1524 4561 1633 4616 est,
1683 4554 1817 4622 quod
1853 4564 2001 4606 vetus
2039 4582 2101 4594 —-
2140 4583 2210 4593 —
2245 4582 2308 4594 -—
2345 4555 2743 4622 plebeivescito‚
2781 4556 2918 4621 quod
2954 4556 3013 4606 C.
3052 4554 3383 4621 Sempronius
3417 4554 3500 4606 Ti.
3540 4556 3575 4608 f.
3613 4562 3679 4608 tr.
3714 4557 3783 4622 pl.
3829 4571 3941 4621 rog.
3979 4571 4167 4622 excep-

682 4646 790 4692 tum
826 4643 1110 4693 cavitumve
1145 4647 1226 4692 est
1259 4642 1340 4692 nei
1378 4640 1727 4703 divideretur,
1774 4640 1910 4705 quod
1950 4641 2221 4706 quoieique
2266 4641 2333 4692 de
2368 4657 2432 4691 eo
2486 4655 2612 4704 agro
2660 4642 2776 4693 loco
2814 4641 2925 4705 agri
2962 4640 3093 4691 locei
3126 4667 3196 4678 -—
3231 4670 3295 4678 —
3342 4666 3402 4679 —
3437 4643 3610 4705 Ager,
3656 4644 3832 4701 iocus,
3885 4629 4167 4694 aedificium

679 4726 844 4778 omnis
880 4727 997 4790 quei
1032 4742 1188 4795 supra
1222 4727 1445 4793 scriptus
1480 4732 1562 4777 est
1593 4753 1663 4764 —
1694 4753 1764 4764 —
1799 4752 1863 4765 -
1901 4726 1974 4776 ita
2020 4723 2122 4777 utei
2164 4731 2451 4778 ceterorum
2499 4726 2755 4789 locorum,
2806 4739 3079 4791 agrorum,
3134 4725 3480 4778 aedificiorum
3515 4727 3828 4793 privatorum
3864 4731 3971 4786 est,
4021 4732 4166 4792 est03

683 4820 968 4877 censorque
1003 4812 1120 4877 quei
1156 4827 1410 4877 quomque
1443 4811 1568 4875 erit,
1616 4812 1800 4874 facito,
1849 4812 1954 4862 utei
1990 4811 2034 4862 is
2069 4825 2223 4875 ager,
2278 4813 2449 4873 locus,
2488 4811 2802 4878 aediticium,
2835 4795 3056 4876 que*
3087 4835 3158 4849 --
3193 4840 3263 4850 —
3294 4812 3442 4863 neive
3475 4811 3589 4877 quis
3624 4811 3809 4871 facito,
3845 4825 3948 4876 qao
3983 4812 4165 4876 quoius

682 4909 800 4947 eum
842 4912 1053 4962 agrum,
1091 4897 1289 4958 locum,
1335 4897 1638 4960 aedificium,
1676 4897 2054 4965 possessionem
2092 4912 2158 4948 ex
2193 4899 2310 4962 lege
2344 4897 2578 4964 plebeive
2620 4897 2750 4948 scito
2785 4913 2902 4949 esse
2936 4903 3157 4965 oportet,
3196 4897 3572 4966 opportebitve,
3605 4911 3721 4947 eum
3756 4909 3967 4960 agrum,
3999 4896 4164 4954 loc—

679 5008 744 5019 —
785 5007 850 5019 —
892 4984 1042 5035 niove
1077 4982 1341 5034 <sententia
1377 4982 1597 5044 deicito,
1645 4983 1791 5034 neive
1822 4982 1990 5044 serto,
2037 4997 2141 5047 quo
2175 4984 2288 5049 quis
2323 4997 2536 5046 eornm,
2586 4984 2791 5049 quoium
2825 4998 2940 5034 eum
2988 4998 3198 5049 agrum,
3246 4984 3444 5046 locum,
3504 4980 3825 5044 aediticium,
3872 4984 4160 5049 possessio-

650 5076 799 5119 xxnem
832 5079 899 5120 ex
938 5069 1053 5134 lege
1087 5068 1320 5136 plebeive
1355 5070 1487 5122 scito
1520 5083 1638 5121 esse
1671 5075 1825 5137 oport
1858 5093 1929 5116 -.-
1965 5096 2058 5120 —.
2853 5141 2900 5209 2
3711 5085 3716 5090 ·

2958 5144 3000 5193 ss
