4902 6040
508 624 911 718 pauperibus
960 631 1033 688 et
1080 621 1399 711 inopibus
1447 621 1723 706 «ivibus,
1772 622 1893 711 qui
1940 621 2164 690 nullos
2216 622 2445 691 adhuc
2493 644 2694 715 agros
2743 621 3076 691 haberent
3121 642 3508 712 paucasque
3555 637 3912 712 pascerent
3960 644 4173 713 pecu—

512 745 665 829 des,
729 743 919 812 utilia
982 752 1049 808 et
1107 741 1469 809 commoda
1516 740 1799 808 fuerunt.
1898 741 2137 808 Tertio
2202 741 2502 832 dmiqte
2561 742 2718 808 loco
2779 752 2848 807 et
2913 749 3158 830 quarto
3207 764 3383 831 quac
3433 743 3634 829 posui
3650 790 3672 825 ,
3749 742 3830 810 iis
3879 743 4178 813 'rhodus

510 875 643 933 tam
702 863 897 929 sociis
944 860 1191 928 Italicis
1242 862 1648 951 gratificatus
1698 871 1837 946 est,
1906 870 2052 927 tum
2103 863 2375 929 omnino
2440 870 2858 929 commotum
2922 862 3272 951 perpetuis
3322 861 3794 930 certaminibus
3845 872 3914 930 et
3959 864 4174 933 incer·

504 994 645 1051 tum
695 983 796 1049 rei
845 980 1145 1071 agrariae
1195 990 1441 1046 statum
1464 954 1579 1046 tad
1629 978 2177 1068 tranquillitatem
2233 992 2303 1056 et
2348 982 2767 1049 securitatem
2813 1002 3132 1047 revocare
3183 979 3462 1049 studuit.

712 1097 1071 1190 Ejusmodi
1137 1121 1301 1165 vero
1378 1121 1535 1166 cum
1606 1110 2003 1190 argumento
2064 1099 2237 1190 legis
2288 1098 2596 1168 Thoriae
2664 1102 2927 1190 optime
2993 1100 3418 1167 consentiunt
3467 1121 3583 1181 ea,
3654 1121 3829 1190 quae
3881 1099 3973 1167 ab
4017 1101 4174 1191 Ap·

516 1219 721 1310 piano
769 1228 839 1285 et
887 1217 1217 1286 Cicerone
1268 1217 1357 1284 de
1406 1217 1541 1285 hac
1588 1219 1745 1309 lege
1796 1227 2324 1286 commemorata
2373 1230 2544 1285 sunt.
2645 1218 2866 1285 Recte
2925 1219 3103 1285 enim
3169 1217 3335 1287 dixit
3386 1217 3630 1286 Cicero
3685 1217 3722 1265 ⁵
3737 1218 3818 1307 ⁰)
3835 1267 3858 1303 ,
3931 1241 4175 1312 agrum

511 1337 861 1429 publicum
909 1336 1174 1403 Thoria
1222 1336 1380 1427 lege
1428 1336 1742 1429 vectigali
1805 1338 2105 1405 levatum
2160 1360 2305 1405 esse
2323 1385 2344 1419 ,
2416 1337 2672 1428 quippe
2736 1360 2872 1427 qua
2937 1337 3097 1430 lege
3159 1348 3304 1406 tum
3369 1338 3658 1405 maxima
3723 1340 3872 1430 agri
3919 1337 4204 1429 pwlici‘

512 1478 677 1546 pars
724 1457 796 1523 in
854 1478 1099 1546 agrum
1149 1458 1481 1545 privatum
1532 1468 1943 1526 commutata
1992 1459 2113 1542 sit,
2194 1480 2234 1523 e
2285 1479 2424 1547 quo
2482 1457 2744 1524 nullum
2793 1456 3228 1547 pendebatur
3301 1459 3592 1549 vectigal
3611 1506 3633 1541 ,
3717 1466 3866 1533 tum
3925 1481 4180 1550 pascua

508 1576 779 1667 publica
828 1598 1043 1665 usque
1110 1575 1201 1642 ad
1268 1588 1527 1645 certum
1575 1578 1923 1668 pecudum
1971 1600 2321 1645 numerum
2386 1577 2683 1670 gratuito
2753 1577 2903 1643 usui
2969 1575 3310 1667 patefacta
3365 1586 3436 1643 et
3497 1599 3838 1645 concessa·
3937 1576 4178 1668 Neque

356 1756 363 1763 .
506 1697 679 1763 alter
728 1695 1069 1763 Cicemnis
1120 1695 1307 1762 locus
1363 1694 1534 1784 ⁵1),
1599 1718 1739 1786 quo
1790 1698 1965 1788 agris
2017 1696 2303 1785 publicis
2354 1697 2514 1789 lege
2562 1694 2822 1763 Thoria
2885 1704 3152 1764 cautum
3219 1718 3365 1763 esse
3416 1695 3696 1782 dicitur,
3765 1718 3918 1765 cum
3979 1696 4173 1790 frag-

506 1817 743 1883 mentis
799 1792 1018 1883 allatis
1068 1836 1209 1881 uon
1259 1824 1365 1882 cst
1412 1828 1901 1883 consentaneus
1916 1864 1935 1900 ,
2010 1816 2083 1882 in
2150 1816 2391 1906 quibus
2464 1838 2616 1882 cum
2687 1816 2758 1882 in
2806 1834 3074 1882 omnem
3123 1814 3504 1904 pecudmn,
3583 1839 3762 1906 quae
3824 1834 4174 1887 numerum

512 1936 1008 2030 praescriptum
1054 1934 1441 2020 excederet,
1494 1937 1831 2025 scriptura
1882 1946 2149 2020 exacta,
2201 1946 2347 2003 tum
2387 1957 2710 2026 agrorum
2759 1933 3188 2026 publicorum
3207 1982 3229 2018 ,
3283 1935 3398 2023 qui
3447 1944 3876 2026 superessent
3895 1982 3918 2019 ,
3965 1936 4169 2007 veeti—

502 2055 686 2146 galh
734 2053 1095 2144 diligenter
1140 2054 1481 2144 postulata
1530 2077 1675 2121 esse
1724 2054 2092 2123 videantur.
2465 2081 2474 2087 ·

707 2174 938 2257 Quum
984 2194 1149 2241 vero
1216 2175 1287 2240 in
1334 2175 1639 2264 Appiani
1688 2174 1875 2242 libris
1944 2186 2145 2241 antea
2194 2172 2419 2265 Βόριος
2467 2197 2606 2243 non
2656 2172 2888 2265 Θόριος
2941 2174 3325 2266 legeretur,
3392 2172 3584 2262 quod
3633 2170 4165 2264 Schweighaeu-

502 2313 685 2361 serus
742 2292 1019 2361 demum
1069 2293 1161 2360 dc
1212 2291 1605 2383 conjectura
1654 2293 1905 2378 dedit,
1936 2293 2308 2384 quaeritur,
2360 2317 2521 2385 num
2573 2304 2756 2362 recte
2819 2294 2916 2360 ita
2962 2293 3221 2366 factum
3271 2293 3378 2361 sit.
3478 2293 3833 2383 Appianas
3898 2289 4170 2381 quidem

504 2422 727 2480 utrum
778 2412 1000 2503 Βόριος
1052 2412 1394 2503 scripserit
1444 2436 1531 2480 an
1582 2413 1845 2501 Θόριος,
1920 2414 2081 2480 lieet
2128 2412 2473 2499 dubitare,
2541 2436 2750 2504 quum
2799 2411 2942 2503 ejus
2991 2413 3146 2481 libri
3194 2412 3624 2502 manuscripti
3669 2410 3975 2479 nondum
4019 2411 4172 2481 col-

501 2531 623 2599 lati
673 2532 804 2599 sint
880 2542 1186 2599 accurate
1254 2541 1326 2599 ct
1387 2554 1524 2621 qua
1592 2542 1869 2622 oportet
1915 2532 2287 2625 diligentia.
2385 2534 2625 2623 ltaque
2685 2535 2745 2601 si
2807 2533 3071 2623 reliqua
3135 2543 3408 2601 tuentur
3470 2531 3872 2621 scripturam
3924 2528 4172 2621 Θόριος,

498 2662 639 2719 tam
687 2651 906 2718 levem
955 2652 1147 2721 unius
1195 2652 1427 2718 literae
1476 2650 1755 2742 ejusque
1804 2650 2177 2720 simillimae
2227 2654 2821 2721 commutationem
2872 2672 3012 2719 non
3062 2652 3398 2721 debemus
3434 2650 3806 2721 offendere.
3906 2651 4171 2719 Nomen

500 2779 725 2839 autem
778 2771 968 2837 Borii
1015 2780 1247 2838 movet
1297 2772 1746 2862 corruptionis
1796 2773 2282 2863 suspicionem,
2353 2773 2672 2862 quoniam
2690 2823 2710 2856 ,
2761 2771 2950 2862 quod
2991 2770 3142 2862 jam
3191 2796 3233 2838 a
3287 2771 3711 2862 Goettliugio
3762 2770 4022 2839 dictum
4071 2776 4174 2836 est

410 2920 419 2929 ·
502 2913 560 2955 e.
610 2890 655 2956 l.
704 2915 779 2980 p.
828 2889 1020 2973 446,
1087 2888 1235 2978 ejus
1286 2894 1568 2959 nominis
1619 2914 1949 2978 nusquam
2015 2892 2195 2959 facta
2263 2902 2366 2958 est
2412 2893 2686 2961 mentio.
2786 2890 2968 2958 Tum
3033 2912 3196 2959 vero
3259 2891 3329 2957 in
3393 2890 3641 2961 tabulis
3706 2890 3922 2957 citatis
3987 2887 4173 2976 leges

506 3007 957 3099 Semproniae
1008 3017 1324 3097 tanquam
1374 3009 1516 3102 legi
1568 3007 1873 3077 Thoriae
1892 3020 1899 3030 “
1921 3001 2233 3099 proiime
2282 3007 2763 3099 praecedentes
2815 3016 3432 3078 commemorantur
3449 3055 3470 3093 ,
3542 3007 3652 3076 lex
3699 3005 3963 3098 agraria
4009 3004 4171 3074 Tib.

502 3127 799 3197 Gracchi
860 3126 1241 3195 nominibus
1301 3128 1380 3196 P.
1434 3127 1651 3197 Mucii
1715 3141 1786 3198 et
1856 3128 1940 3196 L.
1992 3128 2344 3219 Calpurnii
2361 3177 2382 3213 ,
2453 3129 2570 3216 qui
2620 3129 2922 3196 consules
2971 3108 3263 3210 fuerunt,
3338 3150 3550 3216 quum
3600 3125 3762 3193 Tib.
3799 3122 4169 3198 «Gracchus

500 3247 837 3315 tribunatu
886 3247 1313 3338 fungeretur,
1379 3248 1496 3315 lin.
1552 3247 1640 3334 l,
1692 3247 1780 3333 4,
1837 3246 1973 3332 13,
2029 3245 2168 3333 15,
2222 3245 2356 3332 27,
2411 3245 2549 3331 28,
2604 3245 2739 3330 33,
2818 3246 2897 3315 C.
2949 3245 3301 3340 Gracchus
3367 3247 3488 3312 lin.
3535 3244 3622 3329 ὃ,
3676 3241 3815 3329 22,
3866 3242 4008 3328 82,
4057 3242 4171 3311 lex

496 3366 795 3452 Rubria,
844 3353 1050 3456 ”quae
1096 3366 1225 3434 fuit
1276 3370 1677 3436 auctoritate
1732 3366 1813 3436 G.
1862 3359 2161 3436 Gracchi
2210 3365 2296 3433 ab
2344 3365 2582 3433 amico
2618 3363 2762 3457 ejus
2813 3366 3074 3435 Rubrio
3123 3366 3299 3452 lata,
3349 3364 3462 3434 lin.
3515 3361 3642 3432 59.-
3738 3361 3983 3452 ltaque
4029 3384 4194 3444 non,

494 3496 729 3580 potest
749 3535 770 3569 ,
824 3485 1013 3575 quod
1062 3497 1265 3575 putat
1312 3485 1714 3554 Rudorffius
1734 3535 1754 3571 ,
1768 3521 1783 3528 -
1830 3486 1941 3552 lex
1989 3484 2199 3553 Beria
2250 3485 2586 3575 quaedam
2650 3486 2821 3553 iuter
2869 3486 3057 3578 leges
3110 3483 3546 3575 Sempronius
3610 3492 3678 3549 et
3741 3504 3890 3550 eam
3940 3481 4169 3574 legem

490 3606 847 3699 agrariam,
900 3604 1093 3696 cujus
1142 3606 1523 3698 fragmenta
1571 3605 1819 3674 tabulis
1866 3604 1996 3672 illis
2029 3607 2475 3689 continentur,
2522 3606 2749 3672 locum
2782 3604 3116 3691 habuisse,
3168 3604 3564 3695 praesertim
3599 3624 3809 3691 quum
3841 3623 3943 3688 ea,
3993 3623 4168 3691 quae

494 3726 585 3793 de
632 3726 787 3818 lege
834 3721 1046 3792 Boria
1095 3726 1183 3792 ab
1231 3726 1551 3816 Appiano
1600 3726 2010 3811 referantur,
2062 3735 2204 3792 tam
2249 3723 2480 3815 ampla
2529 3724 2659 3792 sint
2706 3735 2982 3816 tamque
3030 3726 3283 3817 gravia,
3333 3732 3406 3790 ut
3451 3732 3678 3790 totum
3723 3722 3820 3790 rei
3864 3722 4166 3814 agrariae

498 3854 743 3913 statum
810 3847 1369 3913 commutaverint
1424 3844 1579 3933 ⁵2).
1682 3843 1891 3938 Quod
1960 3865 2119 3911 vero
2188 3865 2409 3910 meam
2475 3844 2905 3930 sententiam,
2977 3845 3203 3938 legem
3269 3841 3585 3927 Roriam,
3657 3864 3860 3933 quam
3921 3840 4167 3909 dixerit

463 3964 875 4055 'Appianu3,
942 3967 1234 4055 istasque
1287 3965 1545 4032 tabulas
1596 3965 1879 4032 eandem
1931 3986 2073 4031 esse
2122 3963 2349 4056 legem
2381 3981 2667 4051 eamque
2701 3959 3058 4049 Thoriam,
3110 3983 3312 4055 quam
3361 3963 3651 4030 maxime
3698 3970 3945 4047 tuetur,
3983 3957 4168 4029 ‘illud

499 4092 602 4151 est
620 4131 640 4167 ,
707 4081 894 4171 quod
942 4084 1317 4174 Appianas*
1362 4085 1433 4151 in
1496 4083 1886 4152 brevissima
1948 4081 2151 4174 hujus
2220 4083 2389 4176 legis
2457 4085 2803 4150 notatione
2875 4083 2948 4150 id
3012 4093 3330 4171 tanquam
3396 4103 3730 4151 summum
3778 4090 3849 4148 et
3895 4079 4162 4171 praeci·

492 4225 707 4293 puum
771 4202 908 4270 eius
960 4213 1433 4296 argumentum
1501 4203 1777 4291 extulit,
1863 4202 2052 4295 quod
2117 4204 2411 4293 primum
2478 4202 2647 4294 legis
2699 4202 3001 4271 Thorhe
3061 4212 3268 4298 caput
3333 4201 3534 4271 fuisse
3604 4220 3808 4290 supra
3874 4199 4162 4268 demon-

495 4321 733 4406 stravi,
802 4322 1053 4389 scilicet
1106 4334 1179 4391 ut
1228 4324 1376 4415 agri
1424 4322 1682 4414 publici
1731 4321 2232 4413 possessoribus
2281 4321 2819 4411 relinquerentur
2872 4315 3072 4412 (εἶναι
3120 4319 3253 4388 τῶν
3307 4317 3660 4412 ἐχόντων).
3764 4318 3945 4386 Tum
3996 4339 4158 4386 vero

496 4440 681 4532 quod
733 4442 1084 4530 Appianas
1134 4443 1417 4510 vetitum
1463 4463 1610 4511 esse
1655 4442 1789 4511 hac
1838 4442 1995 4536 lege
2044 4441 2247 4528 dixit,
2318 4463 2405 4510 ne
2455 4463 2621 4532 ager
2667 4439 2980 4534 publicus
3032 4439 3321 4531 amplius
3373 4436 3783 4508 divideretur
3833 4433 3991 4529 (τὴν
4037 4434 4157 4526 μὲν

537 4655 625 4723 ⁵⁰)
660 4657 856 4709 Brutus
893 4673 937 4709 c.
970 4661 1059 4710 36.

534 4739 623 4807 ⁵¹)
658 4741 738 4793 De
773 4749 982 4794 oratore
1014 4741 1099 4805 11,
1135 4746 1221 4793 70.

538 4834 629 4903 ⁵2)
660 4834 776 4886 Lex
810 4835 897 4887 illa
932 4835 1051 4898 alia,
1086 4851 1236 4901 quam
1271 4841 1391 4888 ante
1425 4835 1595 4903 legem
1630 4835 1842 4890 Roriam
1875 4839 2030 4894 latam
2067 4852 2183 4890 esse
2219 4830 2483 4914 Appianas
2530 4843 2736 4889 enarrat
2769 4836 2866 4906 (dc
2901 4771 3022 4890 b*
3059 4836 3157 4889 civ.
3196 4834 3241 4898 1,
3275 4838 3372 4888 27:
3409 4829 3551 4904 νόμος
3593 4857 3651 4891 τε
3693 4832 3751 4889 ου’
3793 4824 3932 4887 πολι)
3958 4822 4157 4901 ὕστερον

663 4931 914 5005 ἐκυεᾶθυ,
986 4935 1075 5006 ’ἣν
1118 4940 1248 5006 γῆν,
1292 4936 1414 5008 v‘oeie
1470 4932 1555 5022 {fcz
1583 4934 1897 5010 διεφέροντο.
1932 4941 2131 5011 ,ἐξεῖναι
2188 4932 2475 5012 πιπράσκειν
2525 4946 2629 5004 τοῖς
2675 4932 2955 5014 ἔχουσιν)
3010 4955 3166 4995 uuum
3207 4945 3405 4994 tantum
3442 4938 3575 5012 legis
3621 4935 3961 5005 Semproniae
4002 4943 4158 5002 caput

660 5029 961 5099 abrogavit,
992 5033 1117 5087 data
1149 5048 1393 5101 agrorum
1425 5033 1808 5089 vendendorum
1840 5041 2115 5104 potestate.
