4902 6040
2467 429 3010 517 4—-

668 623 986 714 Appiano
1038 623 1246 692 semel
1294 633 1364 690 et
1412 623 1708 692 breviter
1770 625 1880 693 lex
1933 624 2197 703 Thoria
2247 634 2810 694 commemoratur
2824 672 2846 710 ,
2914 624 3133 694 verbis
3185 647 3227 691 a
3275 622 3700 716 corruptelae
3765 628 4150 717 suspicione
4173 626 4178 629 ’
4203 648 4335 727 non

668 765 912 811 vacuis.

869 912 1169 1003 Appian.
1221 910 1307 977 de
1357 909 1527 1001 bell.
1574 910 1746 980 civil.
1794 912 1852 979 1.
1906 933 1965 981 c.
2020 910 2153 980 27:
2225 910 2337 980 καὶ
2388 916 2609 1005 περιῆν
2664 911 2723 989 ἐς
2771 913 3002 1002 χεῖρον
3057 908 3155 978 ἔτι
3205 912 3342 989 τοῖς
3395 908 3620 1000 πένησι
3676 935 3693 953 ·
3745 910 3953 1006 μέχρι
4006 905 4339 1004 Σπούριος

683 1027 910 1122 Θόριος
978 1029 1339 1121 δημαρχῶν
1412 1031 1791 1120 εἶςηγῆσατο
1859 1028 2091 1123 νόμονε
2160 1029 2275 1121 τὴν
2342 1031 2461 1122 μὲν
2516 1034 2629 1120 ’γῆν
2694 1028 2931 1121 μηκέτι
2984 1027 3336 1120 διανέμειν,
3405 1027 3567 1096 ἁλλ’
3621 1025 3784 1098 εἶναι
3832 1022 3964 1098 τιῖν
4019 1029 4337 1120 ἐχόντων,

678 1145 792 1214 καὶ
848 1146 1093 1239 φόρους
1164 1143 1328 1240 ὑπὲρ
1401 1143 1600 1238 αὐτῆς
1650 1152 1750 1235 τῷ
1818 1146 1997 1240 δήμῳ
2064 1151 2592 1234 κατατΐθεσθᾱι,
2664 1144 2771 1214 καὶ
2837 1144 2995 1215 τάδε
3059 1144 3147 1214 τὰ
3217 1144 3544 1239 χρήματα
3594 1151 3841 1239 ’χωρεῖν
3896 1145 3958 1225 ἐς
4013 1144 4338 1239 διανομάς.

671 1260 836 1356 ἕπερ
890 1255 963 1356 ἦν
1014 1266 1130 1357 μέν
1182 1291 1278 1342 τις
1331 1270 1468 1346 τοῖς
1521 1269 1744 1357 πένησι
1799 1269 2208 1359 παρηγορία,
2287 1265 2389 1333 διὰ
2462 1267 2579 1345 τάς
2634 1264 2936 1359 διανομάς
2989 1291 3008 1310 ·
3061 1261 3308 1348 ὄφελος
3361 1265 3414 1332 δ’
3485 1259 3667 1335 οὐδὲν
3719 1269 3783 1344 ἐς
3837 1264 4341 1358 πολυπληθίαν.

657 1376 884 1461 “An-&i
936 1385 1002 1450 δὲ
1054 1389 1192 1458 τοῖς
1243 1388 1605 1479 σοφίσμασι
1650 1386 1855 1462 τοῖςδε
1896 1366 2021 1453 τοῦ
2072 1386 2455 1478 Γρακχείου
2509 1383 2708 1480 νόμου
2770 1384 3312 1475 παραλυθέντος,
3367 1384 3673 1475 (άρέστου
3727 1382 3833 1450 καὶ
3888 1383 4344 1478 ὠφελιμωτά-

675 1527 842 1589 του,
897 1504 952 1569 εἰ
1004 1495 1277 1571 ἐδύνατο
1330 1508 1759 1597 πραχθῆναι,
1810 1503 2258 1597 γονομένου·)
2333 1500 2443 1569 καὶ
2497 1497 2651 1580 τους
2704 1503 2952 1594 φόρους
3005 1497 3083 1571 οὗ
3138 1498 3315 1569 πολὺ
3371 1499 3637 1593 ὕστερον
3692 1502 3946 1571 διέλυσε
4000 1496 4341 1594 δήμαρχος

670 1617 927 1712 Ιἕτεροις·
980 1617 1090 1687 καὶ
1147 1621 1181 1688 ὁ
1234 1622 1427 1715 δῆμος
1495 1622 1750 1714 ἁθρόως
1811 1618 2121 1690 ἁπάντων
2173 1614 2659 1701 ἐξεπεπτώκει·
2738 1617 2892 1688 ὅθεν
2963 1617 3304 1711 ἐσπάνιζον
3359 1617 3454 1687 ἔτι
3506 1618 3772 1714 μᾶλλον
3825 1619 3991 1711 ὁμοῦ
4045 1623 4343 1690 πολιτῶν

675 1764 750 1806 τε
803 1737 910 1806 καὶ
964 1742 1422 1829 στρατιωτῶν,
1500 1737 1608 1808 καὶ
1662 1744 1776 1830 γῆς
1845 1739 2160 1832 προςόδου
2232 1736 2339 1806 καὶ
2396 1739 2719 1832 διανομῶν
2773 1737 2883 1805 καὶ
2937 1717 3193 1833 νόμων,
3268 1738 3732 1808 πεντεκαὶδεκα
3782 1736 4085 1831 μάλιστα
4135 1737 4346 1809 ἔτεσιν

680 1856 809 1925 άπὸ
858 1860 969 1946 τῆς
1018 1855 1343 1948 Γράκχου
1395 1859 1817 1950 νομοθεσίας,
1871 1857 1977 1925 ἐπὶ
2034 1856 2237 1935 δίκαις
2292 1856 2355 1924 ἐν
2387 1859 2607 1949 »άργίᾳ
2657 1855 3016 1945 γεγονότες.
3061 1942 3068 1955 ι
3459 1836 3464 1847 ’

874 2026 955 2094 ln
1005 2028 1305 2118 Appiani
1351 2028 1536 2127 libris
1587 2037 1785 2096 antea
1833 2027 2189 2119 legebatur
2238 2024 2503 2119 Βόριος;
2581 2026 3259 2119 Schweighaeuserus
3308 2026 3582 2097 demum
3647 2051 3784 2097 una
3847 2027 4045 2097 litera
4091 2036 4346 2097 mutata

681 2144 1000 2212 mendum
1068 2147 1355 2214 correxit
1421 2157 1490 2215 et
1537 2142 1771 2217 verum
1836 2146 2084 2215 tribuni
2150 2168 2396 2214 nomen
2416 2196 2436 2232 ,
2506 2134 3076 2215 consentientibus
3127 2148 3567 2216 Hotomanno
3585 2198 3605 2234 ,
3677 2146 3928 2240 Pighio
3945 2195 3967 2233 ,
4040 2147 4350 2239 sigonio,

682 2260 744 2342 F
744 2262 1147 2333 reinshemio
1167 2315 1187 2352 ,
1279 2266 1631 2355 Ernestio‚
1714 2268 2014 2360 reposuit
2071 2265 2172 2355 3).
2291 2266 2610 2335 Extrema
2677 2276 2899 2334 autem
2958 2268 3262 2359 Appiani
3327 2269 3532 2336 verba
3571 2263 3782 2355 (ὅθεν
3847 2262 4183 2356 ἐσπάνιζον
4252 2263 4348 2333 ἔτι

680 2379 947 2473 μᾶλλον
998 2396 1137 2453 etc.·
1178 2385 1340 2475 etc.)
1391 2408 1612 2476 neque
1660 2396 1817 2456 ante
1869 2383 2589 2478 Schweighaeuserum
2646 2386 2996 2476 quisquam
3046 2387 3345 2478 Appiani
3394 2387 3618 2454 editor
3668 2398 3738 2455 et
3787 2388 4118 2476 interpres
4169 2393 4352 2452 recte

679 2503 988 2592 percepit
1038 2513 1243 2594 atque
1290 2506 1469 2595 ipse,
1490 2504 2166 2598 Schweighaeuserus
2236 2505 2324 2571 de
2390 2505 2469 2572 iis
2521 2504 2972 2597 intelligendis
2991 2554 3011 2589 ,
3086 2516 3406 2595 tanquam
3470 2506 4017 2597 corruptissimis,
4084 2504 4352 2596 penitus

681 2618 1061 2710 desperavit
1121 2646 1542 2713 vacuumque
1611 2648 1843 2695 eorum
1907 2624 2133 2692 locum
2200 2624 2271 2690 in
2336 2625 2636 2692 versione
2702 2625 2907 2693 latina
2972 2625 3262 2716 reliquit.
3362 2625 3816 2694 Veruntamen
3879 2624 4052 2692 haec
4119 2623 4351 2708 verba,

682 2761 971 2828 quorum
1020 2764 1125 2809 ne·
1155 2743 1297 2811 ulla
1346 2743 1620 2834 quidem
1667 2744 1737 2812 in
1788 2743 1973 2812 libris
2022 2743 2350 2811 invenitur
2399 2744 2768 2836 scripturae
2818 2743 3195 2831 diversitaS,
3247 2767 3470 2836 neque
3517 2755 3838 2836 corrupta
3889 2755 4078 2830 sunt,
4131 2763 4348 2833 neque

684 2880 916 2926 eorum
985 2862 1307 2929 sententia
1373 2863 1655 2931 obscura
1706 2873 1774 2931 et
1841 2863 2161 2957 ambigua
2234 2862 2507 2931 videtur
2575 2886 2744 2931 esse.
2842 2863 3083 2953 Itaque
3147 2887 3228 2933 ea
3293 2874 3454 2932 ante
3522 2840 4074 2954 quinquennium,
4144 2883 4351 2953 quum

682 2977 984 3067 Appiani
1053 2980 1400 3063 historiaS,
1468 2983 1538 3046 in
1605 2983 2063 3071 germanicam
2132 2981 2436 3069 linguam
2503 2994 2895 3064 conversaS,
2965 2982 3237 3046 ederem
3299 2984 3369 3048 in
3432 2981 3821 3071 publicum,
3887 3001 4026 3047 non
4090 2988 4355 3047 tantum

682 3095 952 3164 exhibui
1001 3098 1071 3164 in
1119 3107 1348 3184 textu,
1414 3099 1819 3190 germanico·
1867 3120 2184 3189 expressa
2234 3119 2581 3185 sermone,
2649 3096 2773 3165 sed
2839 3099 2906 3164 in
2970 3098 3142 3166 notis
3213 3099 3455 3184 etiam,
3524 3119 3690 3186 quas
3759 3097 3855 3163 illi
3916 3097 4093 3165 libro
4143 3098 4354 3167 inter·-

678 3217 1077 3306 pretationis
1135 3241 1330 3286 causa
1382 3216 1650 3302 addidi,
1702 3217 2097 3285 sententiam
2148 3240 2379 3285 eorum
2431 3228 2501 3285 et
2549 3217 3001 3285 continentem
3052 3218 3424 3285 orationem
3475 3216 3794 3306 exposui,
3848 3216 4091 3288 cursim
4129 3195 4356 3285 tamen

681 3343 750 3403 et
799 3336 1126 3421 breviter,
1193 3338 1295 3404 uti
1355 3337 1495 3405 illic
1562 3337 1788 3406 facere
1840 3346 2109 3406 coactus
2167 3360 2374 3405 eram.
2478 3335 2637 3404 Jam
2705 3359 2867 3405 vero
2935 3358 3110 3404 anno
3176 3337 3391 3404 nostri
3457 3335 3705 3404 saeculi
3768 3335 4103 3431 tricesimo
4173 3359 4355 3406 nono

681 3452 1076 3524 Rudorffius
1095 3504 1115 3540 ,
1200 3455 1547 3546 professor
1609 3455 2057 3526 Berolinensis
2075 3506 2095 3543 ,
2173 3455 2568 3550 diligentem
2636 3473 2791 3523 sane
2865 3455 3141 3524 illorum
3205 3456 3375 3548 legis
3443 3455 3750 3547 agrariae
3819 3454 4358 3547 fragmentorum

682 3574 988 3665 prodidit
1035 3575 1643 3666 interpretationem
1659 3625 1680 3663 ,
1754 3577 1822 3645 in
1871 3600 2004 3668 qua
2055 3586 2278 3645 tamen
2328 3598 2482 3644 cum
2534 3574 2805 3642 omnino
2857 3573 2946 3643 de
2997 3574 3399 3667 legislatoris
3451 3574 3731 3643 consilio
3801 3575 4138 3665 totiusque
4187 3576 4358 3669 legis
4487 3563 4500 3572 ⁸

686 3693 820 3762 fine
870 3694 1081 3762 minus
1133 3696 1715 3786 comprobandam
1764 3697 2163 3765 sententiam
2212 3693 2686 3787 proposuisse,
2763 3704 2906 3762 tum
2977 3694 3050 3762 id
3114 3717 3256 3763 non
3318 3704 3498 3762 recte
3561 3687 3803 3762 fecisse
3852 3694 4019 3763 mihi
4068 3695 4355 3781 videtur,

688 3812 912 3903 quod,
982 3814 1285 3883 restituta
1351 3817 1630 3906 pristina
1691 3815 1808 3882 illa
1866 3815 2152 3907 jamque
2220 3817 2564 3906 antiquata
2629 3814 2958 3905 scriptura
3024 3813 3248 3907 Βόριος
3312 3836 3442 3905 pro
3510 3812 3782 3906 Θόριος,
3851 3814 4058 3883 verba
4105 3813 4224 3882 illa
4272 3813 4360 3882 de

686 3930 895 4000 Boria
943 3933 1239 4021 quadam
1281 3933 1442 4028 lege
1488 3935 1839 4021 intellexit,
1889 3935 2008 4002 illa
2059 3943 2307 4020 autem,
2361 3957 2537 4025 quae
2584 3932 2822 4024 paullo
2872 3931 3143 4003 inferius
3182 3942 3569 4025 sequuntur,
3627 3930 3771 4020 (καὶ
3805 3929 3958 4011 τοὺς
3995 3932 4238 4024 φόρους
4279 3928 4356 4003 οὐ

692 4047 864 4119 πολὺ
920 4047 1183 4143 ὕστερον
1223 4051 1477 4121 διέλυσε
1513 4052 1853 4146 δήμαρχος
1886 4051 2134 4145 ἕτερος)
2168 4053 2260 4121 ad
2300 4053 2642 4122 Thoriam
2671 4052 2897 4145 legem
2926 4039 3172 4121 retulit.
3274 4049 3593 4121 Ceterum
3632 4052 4033 4119 Rudor'ffius
4064 4061 4364 4121 extrema

697 4169 813 4238 illa
861 4171 1159 4262 Appiani
1214 4172 1421 4239 verba
1487 4168 1676 4262 (ὅθεν
1729 4169 2068 4263 ἐσπάνιζον
2137 4171 2232 4240 ἔτι
2285 4171 2554 4267 μᾶλλον
2606 4182 2734 4240 etc.
2784 4172 2982 4262 ete),
3049 4194 3258 4264 quae,
3326 4171 3426 4240 uti
3463 4169 3614 4261 jam
3665 4194 3868 4262 supra
3919 4171 4092 4259 dixi,
4157 4174 4363 4263 plana

693 4298 892 4379 atque
960 4293 1321 4382 perspicua
1384 4313 1606 4382 neque
1671 4289 1815 4358 ullo
1883 4294 2092 4360 modo
2163 4301 2483 4384 corrupta
2548 4301 2731 4378 sunt,
2806 4291 3047 4382 audaci
3116 4313 3275 4359 sane
3339 4311 3561 4379 neque
3625 4299 3818 4380 aptax
3842 4290 4364 4381 interpolatione

690 4408 903 4496 facta,
975 4411 1239 4502 penitus
1307 4411 1637 4502 pervertit
1705 4431 2071 4502 eorumque
2139 4413 2533 4481 sententiam
2601 4408 2935 4479 confudit.
3034 4411 3205 4479 Post
3267 4407 3705 4496 Rudorffium
3774 4408 4227 4501 Goettlingius
4281 4410 4361 4500 4)

697 4551 967 4623 quoque
983 4579 1003 4616 ,
1070 4542 1476 4623 praeceptor
1537 4531 1904 4622 praecipue
1972 4531 2256 4602 dilectus
2272 4581 2293 4620 ‚
2361 4552 2566 4622 quem
2632 4529 2909 4598 honoris
2974 4552 3172 4599 causa
3186 4577 3206 4617 ,
3274 4551 3495 4619 neque
3558 4551 3853 4619 unquam
3916 4527 4042 4596 nisi
4107 4550 4368 4597 summa
4420 4555 4424 4564 ’

772 4794 833 4861 ²)
867 4794 1225 4850 Hotomannus
1260 4798 1313 4849 in
1346 4798 1504 4864 antiq.
1541 4797 1695 4850 Rom.
1731 4798 1820 4853 lib.
1854 4798 1881 4851 1
1915 4814 2036 4868 opp.
2071 4798 2137 4852 Τ.
2174 4797 2255 4851 111
2289 4816 2340 4868 p.
2373 4801 2513 4864 236,
2558 4795 2732 4866 Pighii
2766 4796 2946 4849 Annei.
2981 4795 3049 4850 Τ.
3084 4795 3164 4849 111
3199 4814 3251 4866 p.
3286 4801 3415 4860 136,
3463 4796 3711 4864 Sigonius
3746 4794 3814 4848 de
3846 4794 4055 4861 antiquo
4093 4793 4216 4862 jure
4249 4796 4363 4850 Ital.

864 4881 952 4931 lib.
992 4882 1046 4934 11
1079 4898 1123 4936 c.
1159 4887 1225 4946 2,
1260 4881 1576 4935 Freinshem.
1613 4885 1882 4952 supplem.
1917 4884 2054 4937 Livii
2087 4883 2246 4948 LXI,
2291 4888 2392 4948 3⁷,
2429 4883 2660 4936 Ernestii
2696 4883 2857 4936 clavis
2891 4882 3064 4940 Cicer.
3099 4898 3143 4937 ι.
3179 4899 3228 4938 v.
3265 4884 3351 4937 lex
3385 4882 3598 4936 Thoria.
3713 4931 3717 4940 .

770 4961 829 5030 ⁴)
864 4964 1173 5021 Geschichte
1207 4969 1300 5021 der
1351 4969 1637 5022 romischen
1671 4969 2154 5035 Staatsversassnng
2197 4985 2299 5024 von
2333 4969 2619 5036 Erbnuung
2666 4968 2761 5023 der
2794 4968 2952 5042 Stetit
2999 4968 3081 5022 bis
3115 4984 3185 5022 ιιι
3222 4974 3283 5025 c.
3320 4965 3560 5022 Caesar’s
3594 4966 3733 5021 Tod.
3802 4966 3918 5021 Von
3952 4967 4017 5023 K.
4053 4967 4136 5022 W.
4171 4969 4365 5022 Goett-

871 5049 997 5117 ling.
1063 5054 1248 5117 Helle,
1288 5056 1440 5107 1840.
1510 5055 1581 5120 S„
1605 5058 1710 5109 447
1741 5054 1847 5109 und
1880 5058 2002 5111 448.
2068 5058 2220 5110 Aum.
2257 5060 2308 5109 7.
