4902 6040
2036 475 3051 563 *lo-...-

711 692 863 740 usus
914 670 1074 738 belli
1142 668 1458 737 adversus
1510 667 1777 758 Illyrios
1830 669 2232 765 suscipiendi
2248 719 2269 754 ,
2339 672 2612 741 missum
2681 670 2852 739 illud
2909 669 3268 760 judicandi
3335 672 3702 763 negotium*
3741 670 3930 741 fecit.
4034 672 4386 767 Simulque

710 790 1035 859 triumviri
1046 822 1078 873 -,
1143 790 1404 857 nemine
1473 789 1559 855 ab
1610 788 1703 855 eis
1759 786 1876 878 jus
1945 798 2259 879 petente,
2335 793 2406 859 in
2464 793 2604 859 otio
2671 790 3043 880 degebant.
3143 788 3378 859 Causis
3442 811 3606 859 vero
3672 791 3981 859 nondum
4040 790 4389 881 judicatis,

714 928 853 979 mu
902 909 1091 977 licuit
1112 931 1340 1000 ,agros
1356 958 1377 994 ,
1429 909 1520 976 de
1569 909 1810 998 quibus
1860 888 2286 999 litigabunt,
2339 911 2664 981 dividere·
2758 910 2866 976 lta
2914 929 3234 1000 agrorum
3293 909 3530 981 divisio
3579 909 3648 976 in
3698 912 3982 1004 longum
4023 910 4387 983 differeba-

713 1040 847 1114 tur,
900 1040 971 1097 et
1016 1027 1211 1119 plebs
1265 1051 1455 1118 spem
1509 1026 2053 1118 accipiendorum
2103 1024 2449 1121 agrorum,
2496 1053 2627 1119 qua
2678 1029 2906 1096 adhuc
2937 1027 3152 1096 fuerat
3184 1029 3456 1112 laetata,
3508 1030 3889 1120 abjiciebat.
3990 1030 4148 1099 Jam
4175 1047 4386 1117 erant,

716 1149 832 1239 qui
887 1157 1267 1233 censerem,
1339 1148 1535 1217 sociis
1588 1148 1841 1217 cunctis
1859 1195 1880 1231 ‚
1949 1148 2209 1238 quippe
2260 1150 2377 1238 qui
2425 1150 2714 1217 maxime
2764 1148 2852 1216 de
2902 1149 3021 1215 illa
3074 1148 3232 1240 lege
3284 1160 3753 1237 quererentur,
3826 1150 4166 1251 civitatem
4213 1153 4382 1221 dan-

627 1292 633 1301 ’
715 1267 875 1335 dam
938 1290 1120 1351 esse,
1196 1277 1274 1336 ut
1322 1267 1561 1359 majori
1590 1268 1741 1339 „hac
1791 1268 2015 1359 gratia
2060 1267 2350 1334 devincti
2399 1266 2490 1334 de
2539 1258 2707 1357 agro
2760 1268 3171 1335 contendere
3238 1269 3634 1335 desinerent.
3733 1269 3878 1337 Sed
3927 1280 4192 1339 senatus
4239 1295 4390 1343 cum

712 1386 1179 1479 indignatione
1227 1386 1459 1478 rejecit
1503 1387 1579 1455 id
1628 1388 1999 1455 consilium.
2101 1388 2297 1471 Quae
2346 1408 2552 1475 quum
2623 1387 2718 1455 ita
2783 1397 3044 1471 essent,
3111 1386 3349 1455 decem
3415 1388 3626 1455 annis-
3670 1398 3830 1479 post
3879 1389 4039 1456 Tib.
4085 1390 4391 1461 Gracchi

718 1529 987 1591 necem,
1039 1506 1248 1574 frater
1289 1506 1473 1597 ejuS,
1528 1505 1610 1574 C.
1662 1504 2055 1588 Gracchus,
2105 1507 2353 1574 illustri
2403 1503 2622 1609 plebis
2670 1505 2894 1574 studio
2946 1507 3356 1575 tribunatum
3406 1507 3731 1597 adeptus,
3783 1530 3937 1576 cum
3981 1508 4145 1576 alias
4194 1510 4385 1603 leges

716 1628 868 1697 tulit
917 1627 1009 1694 ad
1078 1635 1341 1695 senatus
1391 1627 1770 1716 potentiam
1821 1624 2305 1692 debilitandam
2354 1622 2427 1691 et
2473 1625 2911 1695 tristissimam
2966 1649 3347 1716 pauperum
3395 1627 3850 1695 conditionem
3901 1627 4390 1701 sublevandam

717 1748 1089 1837 aptissimas
1106 1797 1126 1832 ,
1204 1755 1351 1812 tum
1416 1746 1711 1834 suscepit
1772 1767 1915 1813 rem
1980 1745 2308 1836 agrariam
2376 1752 2447 1810 et
2507 1743 2737 1836 legem
2791 1743 2941 1835 jam
3004 1768 3221 1836 paene
3287 1747 3696 1835 antiquatam
3763 1748 4177 1815 instauravit.
4277 1749 4390 1817 Ex

714 1868 947 1956 paucis
994 1877 1061 1933 et
1110 1866 1425 1933 mutilatis
1473 1874 1774 1939 veterum
1822 1862 2227 1953 scriptorum
2277 1862 2443 1930 locis
2510 1885 2648 1933 non
2716 1886 3069 1954 possumus
3131 1866 3411 1955 quidem
3464 1864 3790 1954 repetitae
3837 1887 3878 1930 a
3930 1863 4011 1933 C.
4067 1864 4390 1934 Graccho

612 1964 623 1969 ,
715 1984 889 2078 legis
939 1984 1243 2077 agrariae
1290 1987 1615 2077 talionem
1667 1986 1823 2052 satis
1895 1993 2195 2051 accurate
2266 2004 2676 2074 cognoscere
2732 1982 2767 2029 3
2786 1982 2901 2073 7),
3013 1984 3081 2051 id
3149 1994 3375 2052 tamen
3442 1995 3704 2051 constat
3771 2007 3900 2052 nec
3966 1983 4124 2051 licet
4187 1983 4388 2053 dubi-

717 2115 899 2191 tare,
968 2106 1128 2195 quin
1192 2120 1299 2173 res
1367 2106 1782 2197 agrariorum
1838 2103 2061 2171 denuo
2112 2112 2425 2192 suscepta
2491 2104 2575 2171 sit
2638 2102 2724 2169 ab
2801 2124 2884 2169 eo
2902 2151 2923 2187 ,
3005 2113 3326 2171 renovata
3378 2104 3488 2171 lex
3538 2104 3803 2195 agraria
3853 2103 4112 2171 Tiberii
4161 2103 4384 2175 fratris

715 2235 786 2292 et
833 2226 1218 2292 continuata
1268 2248 1576 2293 mensura
1626 2245 1947 2315 agrorum
2016 2243 2057 2287 a
2122 2221 2323 2288 fratre
2372 2220 2657 2313 ejusque
2723 2221 3005 2314 collegis
3073 2200 3524 2293 triumviratus
3591 2220 3932 2291 inchoata.
4031 2222 4389 2293 Praeterea

716 2343 1070 2412 Gracchus
1144 2355 1215 2411 et
1272 2345 1419 2434 ipse
1488 2356 1561 2413 et
1621 2365 1749 2432 per
1807 2342 2055 2410 amicos
2106 2341 2296 2431 leges
2361 2343 2632 2433 rogavit
2696 2340 2785 2409 de
2835 2342 3114 2410 coloniis
3181 2364 3337 2409 cum
3391 2342 3562 2409 intra
3609 2341 3876 2411 Italiam
3896 2391 3916 2423 ,
3996 2352 4142 2411 tum
4191 2344 4390 2411 etiam

715 2468 902 2531 extra
951 2464 1215 2530 Italiam
1265 2462 1705 2531 deducendis.
1808 2462 2066 2547 Quibus
2117 2462 2314 2528 rebus
2367 2484 2576 2551 quum
2644 2468 2910 2529 senatus
2973 2456 3411 2529 uehementer
3479 2470 3906 2529 succenseret
3970 2459 4195 2550 deque
4258 2463 4384 2530 mi-

713 2592 876 2651 nuta
925 2605 1045 2649 sua
1092 2584 1486 2650 auctoritate
1540 2574 1859 2651 Graccho
1929 2592 2105 2649 esset
2151 2581 2352 2647 iratus
2373 2628 2395 2664 ,
2465 2580 2800 2670 persuasit
2849 2578 3042 2648 Livio
3093 2579 3317 2648 Druso
3338 2630 3360 2664 ,
3436 2581 3703 2649 tribuno
3756 2580 3859 2669 pl.
3877 2628 3898 2664 ‚
3966 2589 4044 2648 ut
4094 2579 4400 2649 Gracchi.

714 2701 976 2791 legibus
1026 2701 1469 2769 intercederet
1519 2702 1847 2790 simulque
1897 2676 2040 2767 aliis
2089 2700 2441 2787 multoque
2492 2700 2894 2790 largioribus
2931 2676 3424 2793 ⁸rogationibus
3475 2700 3752 2791 agrariis
3770 2748 3791 2783 ,
3863 2721 3948 2766 ex
3997 2700 4390 2767 auctoritate

717 2830 982 2889 senatus
1035 2819 1480 2912 promulgatis
1502 2870 1522 2907 ,
1576 2821 1817 2901 civium
1872 2821 2124 2887 ariimos
2177 2820 2427 2886 senatui
2480 2818 2880 2886 conciliaret.
2977 2818 3400 2910 Hujusmodi
3466 2842 3626 2888 vero
3679 2818 3856 2887 dolis
3903 2838 4117 2906 quum
4170 2816 4388 2884 Grac-

616 2952 627 2967 ·
718 2939 885 3009 chus
938 2940 1177 3008 favore
1225 2941 1446 3031 plebis
1499 2940 1855 3007 excidisset
1919 2939 2235 3026 omnique
2288 2961 2441 3005 eum
2507 2938 2717 3007 modo
2784 2958 3190 3028 recuperare
3240 2940 3483 3027 vellet,
3548 2940 3857 3008 incitatus
3907 2958 4035 3025 per
4079 2936 4394 3004 Fulvium

713 3057 1038 3126 Flaccum
1052 3107 1073 3142 ,
1122 3058 1576 3127 turbulentum
1626 3059 1840 3125 civem
1857 3107 1879 3137 ‚
1927 3055 2310 3122 temerarias
2358 3055 2672 3122 excitavit
2717 3053 2950 3122 turbas
2970 3103 2990 3137 ‚
3043 3054 3111 3122 in
3159 3056 3398 3144 quibus
3452 3075 3640 3122 servo
3682 3052 4006 3144 jugulum
4054 3054 4390 3144 praebere

715 3187 986 3246 coactus
1036 3187 1158 3246 est.
1294 3174 1543 3246 Occiso
1612 3199 1774 3245 vero
1828 3172 2151 3244 Graccho
2225 3174 2558 3241 exsultans
2607 3173 2880 3241 victoria
2945 3173 3259 3242 nobilitas
3315 3177 3387 3241 in
3455 3173 3631 3241 illius
3700 3171 3949 3242 amicos
4019 3183 4392 3262 omnesque

715 3298 1081 3389 populares
1132 3297 1316 3364 ferro
1365 3299 1678 3386 omriique
1730 3296 2027 3362 cruciatu
2080 3293 2313 3361 saeviit
2370 3292 2524 3380 3⁸).
2627 3293 2810 3377 Quin
2875 3293 3011 3360 imo
3079 3302 3216 3359 tam
3281 3292 3723 3359 immoderate
3786 3290 4116 3360 ultionem
4164 3293 4389 3383 exegit

720 3415 1031 3507 Opimius
1099 3418 1373 3502 consul,
1444 3427 1521 3483 ut
1570 3418 1636 3482 in
1708 3414 1921 3498 urbe,
1994 3435 2167 3503 quae
2235 3411 2462 3481 adhuc
2523 3412 2842 3480 madebat
2899 3410 3078 3478 civili
3143 3411 3504 3501 sanguine,
3578 3408 3910 3497 templum
3963 3389 4386 3478 Concordiae

718 3547 1038 3624 tanquam
1074 3546 1612 3608 -monumentum
1680 3534 1950 3602 ultionis
2019 3556 2062 3599 a
2130 3534 2385 3601 civibus
2451 3533 2699 3623 petitae
2768 3538 3153 3598 exstrueret.
3252 3530 3360 3598 De
3433 3528 3852 3620 perficienda
3927 3538 4154 3597 autem
4223 3529 4384 3622 lege

722 3658 986 3746 agraria
1048 3667 1117 3722 et
1184 3655 1597 3724 deducendis
1664 3654 1941 3720 coloniis
1999 3649 2149 3741 jam
2229 3674 2365 3719 non
2430 3619 2712 3741 amplius
2783 3671 3006 3717 sermo
3072 3659 3250 3732 erat,
3328 3672 3535 3738 quum
3599 3649 3968 3740 populares
3988 3698 4013 3733 ,
4079 3650 4383 3739 patronis

721 3776 995 3865 privati,
1067 3787 1303 3843 contra
1349 3773 1714 3858 nobilitatis
1770 3773 2105 3842 licentiam
2171 3794 2254 3838 ne
2304 3770 2564 3838 hiscere
2616 3767 2892 3858 quidem
2942 3768 3294 3836 auderent.
3397 3770 3634 3858 Neque
3684 3768 3861 3836 enim
3909 3768 4168 3838 nobiles
4220 3790 4384 3837 con-

724 3896 892 3962 tenti
958 3895 1224 3963 suerunt
1289 3897 1487 3962 tacita
1548 3893 1830 3960 victoria
1846 3941 1865 3976 ,
1934 3892 2054 3959 sed
2122 3899 2355 3981 aperte
2410 3888 2560 3978 jam
2625 3890 2953 3985 abrogare
3004 3889 3441 3977 Sempronias
3492 3888 3679 3979 leges
3730 3887 4157 3978 inceperunt,
4227 3888 4385 3980 lege

730 4036 866 4081 non
917 4015 1129 4083 multo
1180 4025 1341 4105 post
1388 4013 1683 4104 perlata,
1720 3993 1868 4102 'qua
1919 4012 2062 4103 agri
2114 4010 2517 4101 portionem,
2586 4031 2791 4100 quam
2838 4010 3120 4099 quisque
3168 4016 3523 4098 acceperat
3573 4008 3998 4101 assignatam,
4051 4005 4385 4074 vendendi

730 4144 1024 4222 potestas
1080 4133 1238 4199 data
1289 4143 1415 4226 est‘
1448 4133 1595 4222 39).
1698 4131 1936 4198 Miseri
1988 4141 2222 4197 contra
2270 4127 2678 4218 populares,
2730 4127 2901 4195 nihil
2940 4093 3107 4220 jam*
3142 4136 3492 4212 conanteS,
3559 4123 4073 4218 indignabantur
4123 4127 4390 4216 suisque

730 4252 926 4319 rebus
977 4251 1397 4322 defensorem
1449 4251 1811 4342 aliquando
1862 4250 2291 4339 proditurum
2340 4270 2491 4315 esse
2542 4249 2927 4338 sperabant.
3031 4249 3295 4315 interea
3345 4270 3506 4315 vero
3524 4294 3545 4330 ,
3598 4247 3759 4315 dum
3813 4246 3950 4313 hoc
3996 4247 4116 4331 fit,
4168 4246 4386 4314 inimi-

730 4393 845 4456 cos
894 4372 1265 4462 carpebant
1314 4375 1556 4442 acerba
1607 4373 1962 4441 verborum
2015 4370 2363 4446 dicacitate
2413 4377 2482 4435 et
2554 4368 2787 4435 odium
2839 4377 3040 4457 atque
3089 4366 3616 4460 indignationem
3667 4367 3879 4435 acutis
3930 4365 4216 4435 dicteriis
4267 4384 4388 4432 ex·

680 4533 689 4540 ·
728 4492 1157 4581 promebant.
1258 4494 1491 4591 ¹ltaque
1540 4497 1701 4559 non‘
1727 4490 2117 4558 dubitarunt
2170 4488 2445 4578 quidam
2496 4489 2620 4556 sub
2668 4488 2878 4577 ipsius
2925 4488 3114 4556 aedis
3163 4509 3376 4556 novae
3426 4487 3624 4555 titulo
3684 4507 3952 4554 versum
4007 4483 4390 4552 mordacem

730 4621 927 4682 nocte
956 4613 1277 4683 scribere:
1330 4611 1748 4700 „vecordiae
1799 4631 1970 4698 opus
2022 4609 2257 4676 aedem
2310 4606 2470 4675 facit
2521 4608 2993 4677 Concordiae“
3026 4607 3199 4696 4⁰);
3254 4607 3364 4675 alii
3414 4606 3734 4697 imagines
3787 4617 3988 4693 atque
4040 4602 4390 4670 simulacra

768 4778 859 4845 ²⁷)
897 4780 1083 4831 Cicero
1115 4780 1189 4833 lV
1224 4796 1298 4832 or.
1337 4780 1486 4831 Catil.
1521 4784 1585 4840 2,
1617 4777 1751 4829 Livii
1788 4775 1925 4842 Epit.
1963 4779 2061 4836 60,
2099 4771 2328 4840 Vellejus
2361 4771 2481 4825 Pat.
2519 4772 2599 4835 11,
2633 4777 2697 4837 6,
2743 4773 2930 4825 Florus
2965 4771 3074 4833 111,
3112 4775 3209 4832 15,
3261 4770 3524 4823 Plutarch.
3569 4775 3623 4820 G.
3664 4766 3888 4821 Gracch.
3922 4770 3957 4819 ⁵
3997 4774 4050 4819 et
4082 4769 4145 4828 9,
4183 4767 4388 4820 Siculus

899 4855 1119 4918 Flaccus
1155 4867 1277 4919 edit.
1317 4866 1477 4915 Goes.
1514 4882 1565 4933 p.
1600 4866 1650 4914 2.
1872 4845 1911 4898 0

768 4949 859 5015 ⁸⁸)
894 4950 1104 5002 Sallust.
1140 4949 1258 5003 bell.
1293 4948 1531 5014 Jugurth.
1569 4949 1655 4999 42.

766 5033 863 5102 θ’)
896 5035 1114 5104 Appian.
1150 5036 1268 5087 bell.
1305 5033 1399 5085 civ.
1437 5034 1495 5094 Ι,
1531 5035 1620 5084 21.
1845 5067 1849 5072 -

768 5121 861 5188 ⁴⁰)
898 5121 1160 5174 Plutarch.
1199 5122 1259 5173 C.
1297 5116 1519 5170 Gracch.
1560 5121 1656 5169 172
1680 5101 1861 5177 Ἔργον
1904 5109 2135 5170 ἀπονοίας
2179 5105 2288 5163 ναὸν
2329 5104 2582 5173 Ὁμονοίας
2626 5113 2768 5162 ποιεῖ·
