4902 6040
1863 481 2171 525 -ι-
2336 460 2411 548 5
2475 552 2484 563 .

529 683 680 730 cum
744 658 998 750 pietate
1059 654 1405 724 nominare
1464 656 1662 725 soleo
1680 703 1700 741 ‚
1786 657 1857 722 in
1918 658 2099 726 libro
2165 657 2255 727 de
2294 644 2735 751 'reipublicae
2802 657 3085 728 historia
3149 656 3503 727 Romanae
3553 662 3962 752 ‘conscripto
4028 661 4202 733 haec

533 779 776 870 adtigit
824 777 1125 867 Appiani
1171 776 1375 844 verba
1425 797 1638 865 eaque
1689 775 1955 845 diverso
2008 801 2050 845 a
2098 776 2556 847 Rudorffiana
2602 780 2864 847 ratione
2925 789 2994 846 et
3042 798 3222 845 novo
3289 778 3503 855 modo
3552 779 4027 873 interpretatus
4079 792 4206 855 est.

531 899 671 968 Sed
720 907 795 966 ut
844 904 1079 988 aperte
1127 895 1345 965 dicam
1397 903 1468 961 et
1508 917 1675 965 arere
1724 896 1915 984 quod
1964 894 2062 963 de
2107 895 2254 987 ejus
2304 899 2858 989 interpretatione
2905 899 3144 983 sentio,
3195 918 3414 986 neque
3461 908 3647 965 recta
3697 923 3777 969 ea
3827 910 3929 971 est
3967 910 4035 968 et
4068 911 4208 970 tam

527 1019 902 1102 artificiosa,
953 1024 1028 1085 ut
1078 1014 1189 1082 vix
1237 1014 1527 1106 intelligi
1574 1037 1774 1104 posse
1826 1014 2151 1082 videatur.
2228 1017 2423 1100 Quae
2475 1039 2683 1107 quum
2732 1020 2825 1087 ita
2874 1018 3023 1102 sint,
3075 1038 3329 1105 operae
3378 1018 3671 1109 pretium
3717 1041 3829 1087 me
3877 1020 4210 1091 facturum

488 1108 833 1206 fexistimo
849 1183 870 1220 ‚
945 1136 1000 1202 si
1068 1156 1289 1201 meam
1357 1132 1449 1205 de
1514 1134 1667 1226 lege
1719 1133 1983 1201 Thoria
2050 1136 2485 1219 sententiam,
2578 1140 2825 1207 omissa
2890 1136 3165 1229 quidem
3234 1144 3521 1227 propter
3590 1137 3798 1206 libelli
3868 1143 4208 1230 angustias

530 1253 951 1348 singulorum
1002 1254 1299 1344 capitum
1351 1253 1900 1343 interpretatione
1917 1303 1937 1340 ‚
2008 1253 2301 1323 breviter
2351 1276 2686 1346 exponam
2737 1265 2808 1323 et
2856 1257 3157 1347 Appiani
3205 1256 3433 1323 locum
3455 1267 3460 1278 '
3484 1255 3706 1324 denuo
3759 1266 3825 1324 et
3876 1259 4210 1348 explicate

531 1382 911 1443 retractem.
1013 1373 1223 1457 Quod
1290 1382 1515 1439 tamen
1580 1392 1718 1441 non
1786 1371 1942 1441 licet
1990 1373 2215 1443 facere
2262 1373 2389 1442 nisi
2438 1374 2627 1463 prius
2678 1364 2978 1443 exhibita
3026 1375 3416 1445 brevissima
3464 1376 3560 1447 rei
3610 1375 3916 1468 agrariae
3963 1376 4208 1447 adum—

532 1494 859 1565 bratione.

728 1663 889 1732 Jam
953 1657 1113 1729 inde
1174 1684 1214 1728 a
1280 1660 1667 1751 primordiis
1745 1661 2024 1729 civitatis
2092 1661 2231 1730 hoc
2297 1661 2426 1730 fuit
2490 1662 2842 1731 Romanae
2907 1654 3405 1733 consuetudinis
3426 1714 3446 1751 ,
3517 1673 3589 1732 ut
3659 1687 3866 1754 quum
3933 1662 4210 1753 aliquod

531 1783 764 1852 ltaliae
827 1781 1161 1873 oppidum
1229 1772 1361 1849 vel⁸
1401 1781 1739 1872 populum
1810 1781 2009 1848 armis
2079 1781 2202 1849 sibi
2266 1758 2750 1872 subjecissent,
2820 1792 3016 1876 parte
3082 1785 3229 1877 agri
3278 1807 3493 1874 eaque
3560 1785 3959 1875 plerumque
4013 1784 4211 1851 tertia

530 1926 684 1971 eum
749 1901 1150 1970 mulctarent
1205 1898 1306 1995 ἒ).
1404 1900 1538 1968 Hic
1589 1923 1788 1992 ager,
1858 1901 2047 1969 victis
2117 1900 2528 1991 domitisque
2593 1903 2829 1971 Italiae
2891 1905 3166 1996 populis
3229 1913 3553 1994 tanquam
3618 1903 3939 1971 victoriae
4003 1920 4208 1994 prae-

530 2025 739 2093 mium
800 2030 1069 2110 ereptus
1090 2069 1110 2106 ,
1203 2029 1315 2087 aut
1383 2021 1681 2110 privatus
1738 2012 1967 2088 'factus
2036 2029 2137 2087 est
2204 2044 2370 2113 ager
2433 2020 2781 2091 Romanus
2802 2073 2823 2109 ,
2922 2033 3039 2093 aut
3077 2023 3422 2115 ,publicus
3487 2025 3556 2090 in
3623 2024 3905 2091 civitatis
3989 2021 4211 2089 domi-

532 2145 644 2212 nio
731 2140 1081 2208 Romanae
1161 2138 1454 2207 relictus.
1592 2139 1897 2206 Privatus
1980 2161 2141 2230 ager
2217 2139 2566 2210 Romanus
2590 2190 2611 2227 ,
2710 2144 2948 2213 strictis
3019 2136 3466 2234 haruspicum
3544 2118 3636 2211 etss
3693 2141 4212 2233 agrimensoriae

532 2264 689 2332 artis
756 2259 1009 2353 regulis
1085 2257 1329 2327 divisus
1401 2269 1469 2326 et
1547 2259 1905 2344 limitatae,
1990 2268 2106 2326 aut
2173 2261 2426 2327 colonis
2484 2260 2564 2349 ⁶)
2655 2263 2855 2355 (ager
2924 2262 3341 2352 colonicus),
3425 2272 3544 2331 aut
3606 2263 3841 2330 viritim
3900 2261 3979 2350 ⁷)
4049 2260 4214 2328 civi-

446 2420 451 2425 *
528 2386 656 2452 bus
737 2381 1109 2473 assignatus
1181 2377 1381 2470 (ager
1460 2377 1812 2465 viritanus)
1831 2427 1851 2462 ,
1937 2388 2050 2446 aut
2135 2402 2174 2446 a
2246 2379 2711 2469 quaestoribus
2777 2382 3083 2473 venditus
3155 2392 3258 2452 est
3333 2382 3528 2474 (ager
3598 2376 4054 2472 quaestorius)
4113 2376 4212 2471 ⁸).

530 2503 833 2577 Privatus
903 2521 1067 2590 ager
1155 2496 1433 2587 singulis
1517 2499 1766 2567 civibus
1831 2498 1899 2565 in
1969 2497 2339 2566 dominium
2418 2508 2489 2567 et
2567 2502 3058 2591 proprietatem
3137 2502 3423 2570 traditus
3498 2511 3565 2570 et
3629 2503 3698 2568 in
3754 2521 4028 2570 censum
4091 2519 4214 2566 cu·-

522 2620 776 2713 jusque
853 2620 1097 2686 relatus
1178 2626 1315 2702 est,
1398 2638 1481 2684 ex
1563 2638 1786 2707 eoque
1849 2616 2106 2685 domini
2187 2640 2342 2686 cum
2422 2619 2683 2708 reliquo
2760 2643 2883 2689 suo
2966 2644 3168 2690 censu
3249 2621 3572 2690 tributum
3632 2621 3937 2713 pendere
3998 2616 4216 2685 coacti

531 2752 686 2809 sunt
743 2737 846 2830 9).
946 2736 1264 2806 Publicus
1316 2745 1558 2804 contra
1622 2759 1788 2828 ager
1836 2737 2187 2805 Romanus
2203 2786 2224 2822 ,
2295 2738 2411 2829 qui
2460 2737 2775 2806 manebat
2843 2739 2911 2809 in
2962 2740 3262 2809 dominio
3315 2740 3597 2809 civitatis
3614 2790 3635 2825 ‚
3703 2763 3924 2832 neque
3971 2736 4214 2805 limites

533 2859 834 2952 accepit,
904 2879 1122 2948 neque
1186 2854 1436 2922 formas
1458 2904 1478 2941 ,
1548 2877 1770 2949 eoque
1833 2855 2129 2924 Romani
2178 2860 2295 2927 aut
2346 2857 2416 2924 in
2481 2859 2861 2927 universum
2913 2861 3015 2949 (in
3062 2859 3458 2947 commune)
3502 2859 3624 2949 1⁰)
3675 2870 4004 2952 tanquam
4040 2876 4214 2948 pas·

533 2982 669 3047 cuis
722 2977 1089 3045 utebantur
1149 2972 1177 3017 1
1200 2973 1273 3060 1)
1329 2972 1529 3064 (aget
1575 2973 1943 3063 pascuus),
2012 2984 2129 3040 aut
2197 2998 2238 3040 a
2307 2976 2585 3064 singulis
2655 2978 2974 3067 occupari
3042 3000 3198 3044 eum
3247 2981 3695 3070 permiserunt
3759 2982 3961 3071 (ager
4009 2995 4214 3041 oem-

529 3094 868 3190 patorius)
918 3091 1065 3183 1²).
1122 3089 1505 3182 Occupati
1553 3091 1701 3182 agri
1748 3091 2275 3184 appellabantur
2322 3094 2775 3183 possessiones
2822 3093 2851 3142 1
2870 3094 2980 3186 3),
3032 3104 3212 3188 quae·
3254 3118 3637 3215 uunquam,
3689 3119 3774 3165 ne
3822 3093 4217 3188 longissima

533 3218 805 3309 quidem
870 3210 1266 3305 possidendi
1336 3205 1836 3280 continuatione
1853 3262 1873 3298 ‚
1950 3221 2269 3332 poterant
2335 3235 2375 3278 a
2440 3214 2720 3303 privatis
2785 3213 3172 3285 hominibus
3237 3217 3519 3308 usucapi
3591 3239 3716 3284 nec
3781 3218 3850 3285 in
3912 3213 4215 3305 privatos

532 3360 731 3429 agros
783 3333 1253 3419 commutari,
1294 3331 1417 3400 sed
1464 3332 1843 3423 proprietas
1910 3333 2417 3458 possessionum
2465 3355 2735 3424 semper
2783 3336 3108 3427 pertinuit
3175 3335 3265 3404 ad
3317 3337 3651 3405 civitatem
3712 3335 3875 3426 14),
3940 3354 4214 3425 posses·

532 3457 788 3526 soribus
839 3478 965 3524 usu
1015 3461 1274 3520 tantum
1327 3472 1671 3520 concesso.
1766 3451 2227 3521 Possessiones
2296 3474 2437 3519 non
2493 3452 2949 3523 referebantur
3012 3456 3084 3523 in
3132 3478 3441 3542 censum,
3520 3456 3643 3525 sed
3692 3477 3776 3522 ex
3822 3455 3900 3521 iis
3951 3477 3992 3520 a
4041 3472 4210 3542 pos—

534 3575 899 3647 sessoribus
968 3571 1314 3664 vectigalis
1383 3572 1653 3659 nomine
1727 3566 2111 3641 solrebatur
2185 3571 2446 3644 decima
2528 3594 2687 3664 pars
2755 3573 3039 3668 frugum·
3097 3585 3165 3643 et
3227 3598 3311 3643 ex
3380 3574 3806 3643 arbustorum
3874 3579 4211 3665 proventu

606 3895 662 3962 ⁶)
697 3893 876 3947 Livius
910 3890 966 3953 1,
1004 3894 1100 3953 15,
1133 3895 1229 3953 38,
1264 3891 1348 3955 11,
1384 3896 1449 3956 6,
1485 3894 1584 3955 25,
1617 3895 1719 3955 31,
1753 3892 1850 3953 41,
1902 3889 2064 3952 vm,
2100 3893 2159 3953 1,
2200 3893 2291 3952 11,
2338 3890 2616 3958 Dionysius
2651 3890 2772 3944 Hal.
2809 3891 2892 3953 11,
2929 3893 3029 3954 28,
3063 3892 3164 3954 54,
3197 3891 3304 3955 lv,
3336 3893 3433 3953 27,
3475 3890 3546 3952 V,
3574 3892 3681 4000 49,
3715 3894 3816 3953 60,
3850 3894 3948 3952 62,
3987 3889 4088 3950 VI,
4123 3892 4209 3946 34.

550 3993 557 3998 ·
704 3983 802 4041 43,
835 3981 937 4039 44,
974 3977 1215 4029 Zonarae
1246 3977 1433 4031 Annal.
1468 3976 1667 4042 V11‚5
1703 3981 1804 4028 etc.
1842 3982 1942 4029 etc.

611 4067 667 4133 ⁶)
701 4063 1178 4117 Ju1.Frontin.de
1213 4078 1457 4129 agrorum
1492 4062 1740 4128 qualitate
1773 4061 1899 4117 edit.
1937 4062 2102 4113 (ἶσα.
2137 4078 2191 4129 p.
2226 4062 2323 4113 38.
2359 4062 2503 4126 Ager
2527 4076 2657 4126 ergo
2692 4060 2886 4116 divisus
2920 4061 3245 4128 assignatus,
3279 4067 3361 4114 est
3393 4062 3728 4116 coloniarum.

608 4151 666 4218 ⁷)
706 4149 882 4202 Livius
917 4148 976 4211 1,
1010 4152 1105 4209 46,
1141 4147 1243 4210 lv,
1278 4150 1374 4210 48,
1412 4147 1489 4210 V,
1527 4151 1623 4210 24,
1658 4151 1757 4210 30,
1792 4145 1977 4209 XLII,
2017 4145 2080 4208 4,
2115 4145 2306 4197 Zonar.
2341 4146 2526 4198 Annal.
2566 4146 2698 4211 Vll,
2733 4151 2796 4209 9,
2832 4146 3022 4199 Festus
3058 4162 3102 4199 s.
3141 4163 3191 4200 v.
3226 4143 3472 4200 viritanus
3507 4163 3652 4215 ager.

605 4236 661 4304 ⁸)
696 4235 876 4288 Livius
910 4232 995 4295 11,
1031 4236 1128 4294 17,
1165 4231 1269 4294 IV,
1304 4235 1399 4295 48,
1434 4232 1702 4296 XXVIII,
1736 4235 1837 4296 463
1894 4233 2081 4283 cicero
2124 4230 2191 4281 de
2222 4230 2342 4295 lege
2386 4246 2558 4296 agrar.
2593 4231 2707 4295 111,
2740 4235 2805 4295 ³3
2856 4231 2961 4285 Rei
3006 4233 3245 4300 agrariae
3292 4239 3535 4287 auctores
3580 4234 3828 4300 legesque
3863 4231 4039 4284 variae
4064 4241 4209 4283 ’cura

703 4320 923 4372 wilelmi
958 4318 1157 4369 Goesii.
1228 4318 1601 4370 Amstelodami
1635 4320 1804 4380 1674,
1852 4317 2060 4370 Siculus
2108 4316 2332 4368 Flaccus
2370 4315 2436 4367 de
2487 4316 2677 4370 condit.
2721 4333 2897 4383 agror.
2945 4335 2995 4386 p.
3028 4321 3067 4371 2
3101 4324 3157 4370 et
3190 4321 3288 4382 14,
3347 4318 3589 4389 Hyginus
3621 4317 3695 4373 tle
3738 4316 3983 4371 limitibus
4018 4316 4211 4371 consti·

704 4404 909 4459 tuendis
946 4420 996 4471 p.
1029 4405 1162 4465 205,
1199 4403 1418 4469 Appian.
1452 4403 1520 4456 de
1552 4404 1676 4457 bell.
1711 4404 1811 4460 civ.
1848 4401 1906 4465 1,
1942 4407 2009 4465 7,
2044 4401 2291 4455 Plutarch
2327 4400 2447 4454 Tib.
2487 4401 2759 4457 Gracchus
2790 4417 2837 4459 c.
2869 4407 2922 4455 8.

606 4491 665 4559 ⁹)
700 4488 960 4544 Niebulirs
994 4487 1250 4540 romische
1282 4486 1597 4542 Geschichte
1631 4488 1729 4541 Bd.
1764 4488 1843 4551 11,
1879 4488 1938 4541 S.
1979 4491 2109 4550 184,
2153 4487 2310 4540 dritte
2343 4487 2580 4554 Auflage.

576 4574 1339 4644 ιθ)Ηγςὶιιιιιιιι.Ι..ι)192.
2591 4603 2595 4608 ’

578 4663 665 4730 ¹¹)
701 4661 883 4715 Livius
916 4647 1182 4720 XXXIX,
1216 4662 1315 4721 29,
1358 4657 1556 4711 Plinius
1590 4658 1664 4712 Η.
1699 4658 1767 4713 N.
1802 4659 2013 4722 XVIII,
2051 4662 2101 4711 3.

576 4747 667 4814 ²⁸)
701 4746 908 4799 Siculus
941 4744 1163 4797 Flaccus
1196 4743 1263 4796 de
1295 4743 1485 4798 condit.
1518 4759 1692 4811 agror.
1732 4745 1857 4799 edit.
1888 4744 2071 4798 Goesli
2106 4760 2158 4810 p.
2193 4743 2669 4805 a‚Ju1.1·'rontin.
2706 4743 2775 4799 de
2806 4759 2982 4811 agror.
3016 4744 3194 4811 qualit.
3227 4747 3703 4828 p.oe,Agge1ma
3735 4741 3957 4795 Urbicus
3991 4756 4043 4808 p.
4076 4743 4165 4794 45.

578 4832 668 4899 ¹³)
702 4830 961 4884 Niebuhrs
994 4829 1248 4883 romische
1283 4828 1599 4888 Geschichte
1633 4826 1734 4883 Bd.
1769 4830 1823 4883 11
1857 4834 2046 4898 p.181
2065 4834 2185 4892 ete„
2219 4829 2376 4883 dritte
2391 4831 2627 4897 Autlage.
2698 4828 3015 4884 Geschichte
3048 4830 3142 4884 des
3176 4829 3466 4938 romiscben
3498 4828 3699 4882 Rechts
3732 4828 3813 4880 bis
3838 4824 3936 4880 aut·
3953 4826 4209 4881 Justinian

706 4931 810 4969 von
845 4916 905 4968 F.
943 4916 1158 4968 Walter.
1228 4914 1411 4978 Bona,
1450 4919 1610 4977 1840,
1648 4931 1701 4982 p.
1741 4917 1830 4967 41.

580 5003 675 5072 ¹⁴)
703 5004 951 5069 aggeum
980 5001 1206 5056 Urbicus
1238 5000 1307 5054 de
1344 5007 1661 5054 controvers.
1696 5015 1873 5065 agn-cr.
1919 5000 2003 5054 ed.
2039 5001 2202 5053 θοις.
2252 5016 2304 5067 p.
2339 5003 2441 5053 σοι
2484 5000 2773 5071 jufispenti
2818 5006 3011 5069 negant
3057 4997 3182 5054 mad
3234 5001 3432 5062 solum,
3481 4998 3618 5067 quod
3665 4995 3842 5065 populi
3889 4995 4046 5053 Rom.
4091 5014 4210 5053 esse

709 5087 913 5156 coepit,
946 5087 1053 5140 ullo
1082 5086 1242 5141 modo
1275 5088 1489 5156 usucapi
1523 5101 1560 5141 a
1594 5101 1853 5153 quoquam
1883 5086 2176 5141 mortalium
2211 5100 2383 5154 posse.
