4902 6040
18 4023 37 4722 ‘ffi-ffl*
24 3991 31 4000 =
20 3927 33 3950 Α·
20 3813 21 3826 ⁴
20 3669 21 3714 ‘⁴

484 651 767 744 amplius
833 648 1286 740 opulentiores
1353 667 1659 715 coemere
1720 655 2003 737 possent
2066 666 2449 738 pauperum
2511 648 2857 737 portiones
2872 695 2893 731 ,
2961 645 3336 716 *Gracchus
3401 646 3741 716 interdixit
3808 649 3964 742 lege
3984 700 4003 736 ,
4074 675 4163 720 ne

484 772 630 864 quis
678 792 867 839 suam
917 770 1069 859 agri
1119 776 1369 835 sortem
1432 766 1777 835 venderet.
1879 769 2057 835 Nam
2105 766 2243 835 hoc
2294 767 2407 836 vel
2458 769 2743 835 maxime
2795 769 3160 858 spectavit,
3238 776 3315 834 ut
3361 766 3645 856 inopum
3694 770 3934 837 civium
3982 772 4160 839 mul-

484 892 829 965 titudinem
880 888 968 955 ab
1020 888 1160 967 otio
1229 895 1299 953 et
1348 887 1621 977 pigritia
1689 894 1759 953 et
1821 886 2128 955 socordia
2192 887 2282 954 ad
2354 888 2803 980 agriculturae
2867 887 3258 956 industriam
3325 898 3636 955 avocaret
3677 874 3984 980 eosque.
4019 890 4160 960 hoe

475 1011 686 1081 modo
738 1008 831 1076 ad
878 1007 1303 1075 matrimonia
1348 1006 1641 1075 ineunda
1687 1004 2074 1095 liberosque
2119 1006 2397 1074 alendos
2431 1006 2753 1076 redderet
2786 1029 3226 1099 propensosss
3283 1006 3551 1077 Etenim
3601 1029 3740 1074 non
3789 1019 3932 1078 tam
3982 1010 4160 1079 divi—

476 1133 585 1201 tiis
634 1130 981 1197 hominum
999 1177 1019 1213 ,
1073 1149 1279 1218 quam
1326 1125 1737 1215 frequentiae
1788 1125 2028 1191 civium
2074 1126 2437 1215 providere
2489 1128 2700 1195 voluit
2747 1126 2897 1217 ³⁵).
3000 1127 3302 1195 Exortae
3351 1126 3622 1217 quidem
3649 1117 3827 1195 'sunt
3874 1140 4162 1223 propter

479 1252 704 1343 legem
752 1248 1220 1337 Semproniam
1288 1246 1618 1312 maximae
1682 1245 2178 1326 contentiones3
2256 1247 2407 1336 agri
2473 1246 2728 1334 publici
2783 1246 3273 1335 possessoribus
3346 1248 3645 1336 quamvis
3710 1245 4158 1318 vehementer
4216 1298 4223 1311 ,

477 1369 1029 1461 repugnantibus,
1080 1374 1309 1432 tamen
1357 1364 1469 1433 lex
1518 1364 1782 1455 perlata
1831 1374 1933 1432 ent
1982 1365 2320 1455 primique
2368 1366 2691 1433 triumviri
2740 1389 2797 1432 a.
2849 1365 2915 1433 d.
2956 1389 3012 1431 a.
3065 1366 3267 1433 creati
3301 1365 3660 1443 Gracchus,
3697 1368 3864 1457 ipse,
3918 1367 4162 1459 Qajus,

338 1466 343 1473 ⁴
476 1490 686 1559 frater
736 1487 879 1578 ejus
897 1535 917 1570 ‚
988 1495 1053 1553 et
1104 1485 1320 1553 socius
1370 1485 1637 1575 Appius
1692 1482 2036 1552 Claudius.
2144 1483 2306 1551 Tib.
2361 1484 2713 1553 Gracchus
2763 1485 3007 1581 eodem
3058 1506 3236 1552 anno
3256 1534 3276 1570 ,
3346 1508 3482 1576 quo
3542 1482 3654 1553 leit
3704 1497 3983 1577 accepta
4030 1498 4162 1572 est,-

479 1630 693 1700 quum
744 1607 1112 1680 continuari
1161 1604 1287 1671 sibi
1335 1603 1541 1671 vellet
1590 1604 2035 1689 tribunatum,
2084 1602 2478 1672 interfectus
2519 1615 2646 1672 est.
2746 1605 2912 1672 Post
2944 1604 3243 1673 Gracchi
3287 1626 3542 1690 necem,
3594 1605 3830 1696 Appio
3882 1624 4156 1698 quoqne

484 1727 771 1798 Claudio
820 1730 958 1793 vita
1024 1725 1258 1793 functo
1276 1771 1297 1807 ,
1365 1720 1642 1791 Fulvius
1692 1724 1977 1791 Flaccus
2039 1730 2106 1790 et
2153 1721 2461 1812 Papirius
2515 1722 2740 1791 Carbo
2810 1725 3002 1792 electi
3061 1734 3250 1828 sunt,
3326 1734 3403 1791 ut
3471 1747 3626 1792 cum
3689 1725 3929 1791 minori
3987 1736 4154 1796 ¹natu

453 1846 803 1918 'Graccho
852 1846 1029 1937 agris
1078 1840 1458 1910 dividendis
1509 1851 1912 1932 praeessent.
2017 1842 2209 1925 Quae
2261 1864 2583 1934 agrorum
2633 1842 2869 1911 divisio
2934 1844 3235 1911 maximis
3301 1843 3628 1933 impedita
3671 1843 3804 1911 fuit
3854 1843 4158 1913 difficul-

475 1967 723 2035 tatibus
740 2015 759 2051 ‚
818 1964 1102 2056 jamque
1153 1961 1414 2031 duabus
1465 1963 1769 2054 partibus
1831 1962 2004 2029 inter
2052 1984 2124 2028 se
2175 1960 2683 2029 adversantibus
2751 1964 3137 2051 supervenit
3202 1964 3332 2029 alia
3399 1962 3765 2063 multitudo
3832 1986 3916 2031 ex
3963 1965 4156 2033 colo-

479 2089 636 2172 niis,
689 2085 1067 2173 municipiis
1119 2084 1426 2172 aliisque.
1448 2083 1787 2150 sociorum
1836 2080 2154 2171 oppidis,
2222 2104 2400 2170 quae
2462 2082 2571 2149 vel
2633 2103 2834 2173 agros
2897 2082 3212 2172 publicos
3281 2080 3714 2173 possidebat,
3789 2083 3896 2150 vel
3948 2107 4154 2178 agros

479 2206 727 2275 divisos
779 2215 847 2272 et
898 2205 1275 2295 assignatos
1324 2211 1678 2291 acceperat
1718 2200 1870 2289 ³⁶).
1971 2199 2245 2268 Veteres
2297 2210 2525 2268 autem
2569 2222 2996 2309 possessores
3048 2224 3258 2292 quum
3307 2222 3506 2292 agros
3556 2204 3891 2269 recenseri
3933 2205 4147 2297 tergi-

476 2332 929 2410 versarentur,
1002 2322 1319 2390 triumviri
1368 2344 1431 2388 a.
1484 2322 1555 2388 d.
1604 2344 1666 2387 a.
1718 2319 2072 2388 edixerunt
2138 2342 2264 2411 per
2305 2341 2755 2427 praeconem,
2836 2331 2910 2389 ut
2962 2322 3079 2411 qui
3129 2321 3369 2405 vellet,
3438 2341 3556 2388 eos
3609 2318 4037 2390 denuntiaret
4081 2324 4150 2392 in

466 2443 930 2536 judiciumque
978 2450 1272 2510 vocaret.
1389 2441 1497 2509 Ac
1544 2461 1704 2513 mox
1755 2439 2064 2507 difficiles
2128 2439 2278 2507 lites
2351 2448 2590 2508 enatae
2640 2449 2832 2507 sunt
2857 2463 3064 2530 quam
3115 2439 3467 2530 plurimae.
3570 2434 3923 2529 Quidquid
3973 2443 4149 2511 enim

477 2563 1036 2637 conterminorum
1087 2582 1407 2652 agrorum
1459 2568 1570 2628 aut
1623 2559 2043 2637 divenditum
2090 2558 2346 2646 fuerat,
2415 2570 2532 2628 aut
2597 2558 2876 2626 divisum
2950 2560 3144 2627 sociis
3162 2608 3182 2644 ,
3260 2558 3332 2627 id
3398 2567 3619 2626 totum
3667 2571 3954 2650 propter
4003 2564 4149 2654 agri

478 2682 731 2774 publici
781 2704 1193 2764 mensuram,
1264 2679 1355 2777 de
1404 2700 1540 2768 qua
1603 2679 1904 2767 quaestio
1954 2676 2372 2757 habebatur,
2440 2680 2512 2745 in
2536 2671 2540 2675 ’
2563 2672 3121 2769 disceptationem
3183 2678 3526 2763 veniebat,
3597 2701 3892 2769 quonam
3940 2691 4150 2771 pacto

469 2812 649 2869 esset
696 2802 1042 2869 venditum
1090 2810 1206 2869 aut
1257 2799 1562 2867 divisum.
1663 2798 1760 2864 Et
1809 2797 2035 2865 multis
2082 2797 2232 2888 jam
2285 2798 2376 2867 ad
2428 2820 2661 2865 manus
2712 2821 2850 2865 non
2900 2799 3191 2890 amplius
3243 2807 3432 2865 erant
3484 2799 3851 2869 emtionum
3900 2801 4150 2870 iustru-

481 2930 737 3006 menta,
805 2931 920 2987 aut
972 2919 1376 2986 documenta
1427 2917 1823 3000 sortitionis,
1905 2928 1976 2985 et
2041 2918 2092 2984 si
2146 2942 2281 3006 qua
2330 2917 2878 3005 proferebantur,
2946 2927 3136 2985 erant
3184 2926 3253 2983 et
3304 2918 3451 3007 ipsa
3500 2920 3836 3010 ambigua.
3934 2921 4150 2990 Prae·
4251 2932 4264 2949 “

478 3048 660 3108 terea
728 3040 892 3107 dum
943 3037 1093 3129 agri
1134 3035 1393 3126 publici
1444 3033 1535 3101 ad
1566 3056 1963 3102 mensuram
2010 3045 2407 3103 revocantur
2469 3043 2539 3103 et
2590 3034 3011 3119 dividuntur,
3087 3035 3167 3101 fit
3184 3084 3204 3119 ,
3273 3044 3352 3103 ut
3402 3058 3862 3126 possessorum
3907 3038 4018 3105 alii
4065 3061 4148 3128 ex

393 3141 411 3150 ”
477 3158 701 3228 fundis
752 3159 886 3226 vite
936 3159 1226 3249 oleaque
1275 3153 1547 3222 consitis
1599 3143 1715 3221 au't
1764 3176 1847 3220 ex
1895 3154 2230 3222 instructis
2266 3154 2438 3222 villis
2470 3154 2953 3222 transferantur
2999 3155 3070 3222 in
3105 3163 3353 3222 terram
3405 3156 3693 3237 nudam3
3741 3157 3853 3223 alii
3884 3179 3921 3223 e
3953 3156 4145 3226 cultis

404 3263 428 3284 χ
475 3279 547 3347 in
595 3277 914 3347 incultam
965 3287 1081 3357 aut
1129 3276 1502 3367 palustrem
1554 3277 1999 3341 coenosamve
2047 3275 2439 3364 regionem,
2509 3272 2728 3366 idque.
2765 3296 2850 3341 eo
2902 3275 3113 3365 magis
3135 3322 3155 3358 ,
3225 3273 3722 3363 quodjnitium
3769 3277 4145 3368 occupandi

475 3396 626 3492 agri
676 3397 932 3487 publici
978 3395 1431 3489 negligentius
1480 3394 1700 3464 fuerat
1750 3392 2004 3459 factum
2056 3394 2386 3483 multique
2404 3443 2422 3476 ‚
2478 3405 2768 3461 assumta
2820 3395 3021 3461 etiam
3070 3416 3149 3460 ea
3198 3395 3513 3500 portione
3532 3444 3552 3479 ,
3629 3416 3798 3483 quae
3848 3396 4141 3484 praediis

480 3539 712 3586 eorum
762 3527 909 3585 erat
958 3516 1404 3601 contermina,
1479 3514 1719 3582 faciem
1786 3512 2042 3601 publici
2095 3515 2241 3604 agri
2307 3524 2375 3581 et
2426 3514 2666 3603 privati
2737 3512 3206 3581 confuderant.
3309 3513 3693 3581 Procedens
3747 3536 3906 3592 uero
3957 3525 4141 3586 aetas

473 3637 686 3707 multa
737 3644 1136 3720 mutaverat,
1188 3645 1267 3726 ut
1317 3633 1597 3702 difficile
1650 3632 1922 3702 omnino
1975 3641 2148 3698 esset
2200 3632 2477 3699 divitum
2526 3631 2796 3722 injurias
2817 3682 2836 3716 ,
2891 3632 3190 3720 quamvis
3241 3655 3518 3725 magnas
3540 3682 3561 3717 ‚
3614 3642 3797 3700 certo
3852 3658 4142 3728 cognos-

477 3779 648 3828 cere.
750 3756 990 3846 ltaque
1040 3755 1173 3822 hac
1222 3774 1400 3820 nova
1448 3771 1627 3820 nunc
1676 3752 1974 3818 instituta
2022 3772 2341 3841 agrorum
2392 3773 2702 3819 mensura
2754 3762 2820 3819 et
2869 3752 3193 3820 divisione
3244 3727 3486 3820 cuncta
3536 3774 3789 3819 surstnn
3832 3755 4144 3825 deorsum

475 3875 954 3961 miscebantur,
1036 3873 1536 3965 possessoribus
1605 3871 1913 3938 omuibus
1979 3871 2134 3936 loco
2202 3872 2404 3938 motis
2474 3882 2539 3939 et
2619 3874 2691 3939 in
2759 3871 2973 3961 aliena
3040 3871 3396 3940 translatis.
3498 3870 3919 3962 Hujusmodi
3982 3897 4142 3946 vero

476 3997 791 4065 molestiis
842 4005 911 4063 et
960 3993 1439 4086 praeproperis
1491 4013 1713 4059 rerum
1759 3989 2218 4081 judicatarum
2271 3989 2772 4057 executionibus
2826 4013 3031 4079 quum
3093 3990 3299 4057 ltalici
3349 4012 3622 4081 quoque
3672 3996 3835 4061 socii
3882 3996 4143 4086 gravis-

476 4104 642 4186 sime
688 4122 1190 4206 premerentur,
1244 4136 1283 4180 a
1331 4112 1413 4179 P.
1468 4109 1784 4178 Cornelio
1838 4108 2155 4200 Scipione
2175 4159 2194 4194 ‚
2236 4085 2488 4202 §rerum
2540 4133 2807 4179 suarum
2857 4119 2936 4177 ut
2987 4112 3349 4200 susciperet
3398 4114 3878 4200 patrocinium,
3930 4113 4144 4203 petie-

472 4244 649 4306 runt.
750 4233 984 4324 Scipio
1049 4234 1385 4325 ingressus
1452 4230 1521 4298 in
1605 4237 1909 4296 senatum
1928 4279 1948 4315 ,
2032 4231 2252 4320 legem
2322 4229 2595 4318 quidem
2656 4228 2956 4298 Gracchi
3033 4252 3168 4297 non
3229 4229 3642 4320 improbavit
3701 4223 3935 4328 pal'am
3954 4281 3974 4316 ,
4059 4253 4146 4301 ne

472 4356 743 4449 plebem
808 4350 1219 4437 offenderet,
1288 4349 1410 4419 sed
1432 4400 1452 4436 ,
1524 4348 1831 4440 exposita
1895 4349 1990 4415 rei
2041 4348 2441 4416 difficultate
2462 4397 2480 4430 ,
2554 4349 2905 4431 censebat,
2971 4347 3225 4439 judicia
3274 4372 3312 4414 a
3364 4349 3752 4436 triumviris,
3829 4351 3944 4440 qui
3998 4373 4145 4420 sus-

474 4475 653 4568 pecti
706 4482 924 4541 esseut
973 4470 1117 4557 his,
1171 4491 1459 4561 quorum
1510 4492 1615 4537 res
1666 4480 2013 4560 ageretur,
2084 4461 2542 4536 transfer-'enda
2594 4490 2737 4534 esse
2773 4466 2877 4535 ‘ad
2946 4469 3149 4535 alios.-
3255 4466 3469 4557 quue
3492 4515 3512 4552 ,
3567 4469 4143 4560 quum·aequissi-

473 4615 655 4664 mum
704 4602 882 4660 esset
931 4590 1182 4675 visum,
1250 4588 1552 4681 patribus
1602 4589 1969 4680 persuasit,
2040 4589 2156 4676 qui
2229 4589 2317 4656 ad
2369 4589 2785 4686 Tuditanum
2839 4588 3182 4655 consulem
3254 4586 3493 4654 harum
3542 4585 3757 4653 litium
3808 4588 4141 4680 cognitio·-

470 4735 629 4784 nem
698 4710 1104 4781 detulerunt.
1207 4709 1349 4779 Sed
1417 4708 1570 4795 ille,
1640 4729 1787 4775 rem
1845 4705 2240 4802 adgressuS,
2310 4730 2519 4798 quum
2586 4706 3055 4797 perdifficilem
3124 4705 3716 4790 animadverteret,
3787 4714 4142 4798 praetextu

508 4900 602 4968 ⁸⁵)
639 4873 856 4966 Appiae.
893 4899 960 4952 de
993 4898 1114 4950 bell.
1151 4898 1247 4951 cir.
1282 4898 1326 4961 1,
1358 4902 1431 4963 9,
1466 4902 1565 4961 10,
1604 4902 1698 4949 112
1735 4892 1941 4967 Γράκχῳ
1986 4894 2057 4953 δ’ὁ
2098 4892 2189 4962 μὲν
2232 4901 2337 4959 νοῦς
2378 4897 2471 4952 τοῦ
2513 4889 2850 4966 βουλήματος
2895 4890 2951 4963 ἦν
2967 4829 3079 4953 ὀὐκ
3123 4897 3175 4961 ἐς
3221 4899 3480 4965 εὸποςίαν,
3527 4897 3641 4954 ἄλλ’
3686 4896 3736 4959 ἕο
3780 4897 4047 4966 εὐανδρίαν.

507 4992 596 5057 ⁸⁶)
632 4991 850 5059 Appian.
889 4991 956 5044 de
994 4990 1114 5043 bell.
1150 4989 1205 5052 Ι,
1244 4993 1340 5054 10,
1395 4994 1655 5056 18—21,
1698 4997 1796 5054 35,
1844 4996 1941 5054 36,
1995 4993 2183 5045 Cicero
2228 4990 2293 5044 de
2339 4992 2459 5058 lege
2503 5007 2617 5057 agr.
2652 4991 2709 5056 1,
2756 4995 2819 5056 1,
2870 4992 3136 5045 Somnium
3182 4993 3324 5060 Scip.
3360 4996 3422 5055 2,
3482 4991 3693 5044 Sallust.
3742 4992 3863 5047 bell.
3896 4991 4136 5060 Jugurfln.

636 5080 735 5140 40,
769 5079 873 5139 42,
906 5078 998 5139 44,
1036 5080 1121 5130 46.
