4902 6040
684 674 843 743 pars
894 652 1126 741 quinta
1185 646 1355 739 1⁵).
1431 649 1790 717 Praeterea
1861 646 1940 714 ἰὴ
2004 669 2309 739 quoque,
2381 649 2499 742 qni
2547 672 2789 743 greges
2855 651 2926 716 in
2972 650 3237 739 pascuis
3286 608 3577 739 publicis
3644 650 3952 734 alebant,
4019 650 4354 744 scriptura

558 834 562 838 Α
682 772 936 841 indicta
999 781 1136 857 est,
1204 780 1343 838 tam
1412 768 1685 836 minoris
1756 789 1962 857 qnam
2028 767 2302 861 majoris
2353 772 2640 859 peeoris.
2689 800 2794 821 -··—
2859 770 3021 837 Jam
3067 790 3230 836 vero
3282 769 3358 836 in
3399 768 3772 837 dividendis
3821 781 3893 837 et
3943 772 4358 864 assignandis

684 894 862 985 agris
914 892 1207 961 Romani
1268 888 1456 979 parci
1516 885 1788 954 fuerunt
1806 936 1826 971 ,
1904 889 2283 978 occupandi
2330 899 2553 957 autem
2602 888 2754 982 agri
2819 888 3076 977 publici
3144 887 3387 956 modus
3438 878 3648 977 usque
3697 888 3787 956 ad
3837 889 4073 959 Licinii
4123 891 4362 961 Stolo—

685 1015 787 1081 nis
834 1014 1062 1105 legem
1112 1031 1250 1077 non
1299 1007 1753 1099 praescriptus
1803 1005 1950 1074 fuit.
2052 1009 2282 1092 Quare
2329 1008 2747 1098 privatorum
2799 1029 3120 1101 agrorum
3172 1029 3309 1074 non
3362 1028 3610 1098 magna
3658 1018 3803 1075 erat
3836 1012 4038 1103 copia
4057 1060 4077 1095 ,
4128 1011 4358 1102 publi-

684 1152 799 1202 cus
857 1141 1082 1199 autem
1130 1150 1299 1218 ager
1345 1127 1581 1218 quovis
1630 1125 1773 1194 fere
1823 1148 2036 1212 anno,
2104 1127 2333 1217 quavis
2384 1127 2853 1195 Romanorum
2916 1126 3196 1194 victoria
3260 1127 3630 1219 augebatur
3692 1137 3763 1195 et
3824 1129 3898 1195 in
3964 1132 4358 1200 immensum

683 1251 1040 1320 erescebat.
1143 1249 1466 1339 Proprios
1518 1268 1719 1337 agros
1743 1295 1762 1331 ,
1842 1245 2090 1315 divisos
2142 1254 2210 1313 et
2259 1246 2671 1337 assignatos,
2750 1247 2880 1315 soli
2929 1246 3070 1315 fere
3119 1245 3471 1315 habebant
3521 1244 3777 1337 plebeji
3838 1244 3866 1291 1
3885 1246 3960 1337 ⁶)
3982 1298 4002 1333 ,
4067 1252 4364 1341 patriciis

667 1372 784 1463 jus
835 1370 988 1464 agri
1035 1368 1295 1460 publici
1345 1365 1737 1457 possidendi
1784 1366 1907 1433 sibi
1959 1365 2119 1434 solis
2170 1352 2634 1457 arrogantibus
2696 1362 2726 1412 1
2743 1365 2841 1455 ⁷).
2945 1364 3155 1450 Quod
3203 1366 3635 1456 patriciorum
3685 1366 4108 1459 privilegium
4147 1392 4368 1459 quan-

682 1513 891 1581 quam
937 1490 1093 1582 lege
1142 1486 1401 1554 Licinia
1449 1485 1783 1554 sublatum
1840 1507 1986 1553 esse
2035 1484 2334 1570 videtur,
2402 1496 2630 1552 tamen
2680 1485 2884 1553 etiam
2932 1476 3297 1575 postquam
3346 1481 3604 1574 plebeji
3654 1508 3890 1574 parem
3938 1510 4157 1578 paene
4207 1511 4360 1557 cum

682 1608 994 1701 patriciis*
1029 1604 1489 1673 auctoritatem
1537 1596 1717 1672 nact‘i
1763 1616 1985 1691 erant,
2053 1606 2149 1672 ita
2197 1602 2629 1696 perduravit,
2697 1615 2772 1671 ut
2822 1605 2938 1695 qui
2985 1614 3132 1672 tum
3195 1605 3633 1695 patriciorum
3681 1603 3754 1671 in
3804 1605 4031 1675 locum
4071 1629 4356 1699 proces-

682 1732 919 1819 sissent
971 1748 1256 1816 eumque
1308 1714 1783 1809 obtinuissent,
1840 1706 2213 1816 locupletes
2263 1733 2333 1790 et
2381 1720 2643 1789 nobiles
2693 1724 2938 1814 stirpes
2954 1773 2975 1808 ,
3042 1745 3313 1791 omnem
3359 1723 3785 1813 possiderent
3833 1748 4075 1816 agrum
4127 1726 4360 1818 publi-

684 1873 838 1921 cum
857 1899 876 1935 ,
945 1868 1156 1938 quum
1205 1843 1615 1935 pauperibus
1661 1854 1730 1911 et
1777 1842 2091 1934 inopibus
2144 1843 2396 1911 civibus
2445 1866 2726 1935 perraro
2798 1845 2944 1936 agri
2994 1843 3447 1911 dividerentur
3513 1852 3584 1910 et
3634 1845 4150 1934 assignarentur.
4251 1848 4359 1914 Ex

681 1971 789 2039 his
831 1969 984 2060 jam
1035 1963 1393 2056 apparebit
1463 1964 1728 2031 diversa
1791 1963 1965 2030 ratio
2024 1973 2100 2031 et
2159 1972 2396 2030 natura
2440 1985 2759 2055 agrorum
2808 1963 3220 2053 privatorum
3268 1972 3339 2029 et
3386 1964 3909 2054 possessionum.
4012 1964 4158 2033 Sed
4208 1975 4361 2034 sunt

684 2092 885 2159 etiam
966 2087 1096 2154 alia
1114 2134 1133 2168 ,
1219 2106 1394 2173 quae
1474 2085 1781 2152 omittere
1855 2091 2122 2153 coactus
2207 2105 2375 2150 sum.
2507 2082 2593 2151 ld
2672 2092 2894 2150 tamen
2974 2105 3112 2150 non
3193 2082 3349 2148 licet
3430 2083 3788 2172 praeterire
3806 2131 3827 2167 ,
3910 2086 4361 2175 possessiones

682 2208 1111 2279 diuturnitate
1161 2203 1487 2293 temporis
1535 2203 1959 2294 privatorum
2007 2224 2228 2293 paene
2279 2225 2598 2296 agrorum
2648 2201 2927 2293 adeptas
2979 2225 3124 2271 esse
3175 2211 3485 2269 naturam
3536 2210 3606 2268 et
3663 2202 4122 2288 securitatem3
4190 2228 4358 2296 pos-

572 2326 582 2336 ”
684 2349 971 2400 sessores
1021 2324 1571 2416 tergiversatione
1588 2371 1607 2408 ,
1682 2345 1871 2391 mora
1923 2331 1991 2390 et
2038 2333 2423 2414 praetextus
2492 2322 2733 2393 astutia
2796 2321 3228 2415 vectigalium
3281 2321 3676 2389 solutionem
3727 2321 4037 2414 effugisse
4098 2322 4127 2371 ¹
4146 2324 4221 2413 ⁸)
4271 2338 4362 2409 et,

592 2530 597 2535 ⁵
682 2445 915 2517 vicinis
965 2465 1344 2534 pauperum
1409 2440 1705 2532 praediis
1772 2441 2020 2530 partim
2090 2443 2310 2533 pretio
2362 2443 2681 2526 coemtis,
2754 2442 3000 2533 partim
3049 2442 3118 2509 vi
3168 2440 3511 2529 occupatis
3572 2439 3732 2529 19),
3812 2464 3950 2510 non
3979 2440 4129 2533 jam
4180 2467 4360 2530 rura,

680 2567 803 2641 sed
864 2563 1096 2654 ampla
1162 2561 1480 2629 habuisse
1551 2559 1908 2628 latifundia
1963 2558 2118 2649 2⁰).
2233 2561 2349 2630 Ad
2415 2560 2738 2629 colendos
2806 2570 3030 2628 antem
3095 2582 3296 2652 agros
3365 2559 3836 2650 pascendaque
3903 2585 4156 2653 pecora
4220 2587 4358 2633 non

680 2684 1039 2758 utebantur
1085 2682 1400 2772 inopibus
1455 2691 1521 2747 et
1572 2681 1801 2774 egenis
1861 2679 2150 2766 civibus,
2223 2679 2344 2747 sed
2395 2682 2585 2748 emtis
2639 2680 2913 2748 servitiis
2932 2730 2952 2766 ,
3023 2702 3198 2769 quae
3250 2678 3520 2745 militiae
3572 2701 3770 2746 causa
3820 2681 3906 2747 ab
3958 2704 4171 2774 opere
4221 2696 4355 2753 non

670 2810 1143 2883 avocarentur.
1248 2802 1405 2885 Quo
1473 2799 1727 2868 factum
1780 2809 1919 2885 est,
1990 2807 2089 2899 ut„
2115 2801 2528 2890 potentiores
2582 2823 2783 2892 supra
2848 2801 3125 2867 modum
3177 2797 3570 2865 ditescerent
3621 2808 3692 2865 et
3737 2782 3886 2892 agri
3929 2804 4356 2891 compleren-

675 2938 790 2995 tur
839 2910 1087 3002 servis,
1138 2922 1377 3008 inopes
1429 2928 1667 2987 contra
1716 2919 1891 2986 cives
1940 2921 2140 2987 simul
2188 2931 2631 3009 gravarentur
2677 2928 3084 3006 paupertate
3104 2969 3124 2999 ,
3177 2916 3632 2985 exactionibus
3686 2919 4052 3008 crebraque
4101 2923 4356 2991 militia.

683 3046 921 3133 Itaque
971 3036 1351 3128 respublica
1400 3036 1719 3104 Romana
1768 3058 1850 3103 eo
1902 3035 2259 3105 laborabat
2308 3036 2504 3121 vitio,
2575 3034 2760 3125 quod
2810 3045 2955 3102 tota
3003 3036 3231 3104 civitas
3294 3035 3364 3102 in
3427 3032 3595 3102 duas
3662 3032 3873 3104 divisa
3936 3050 4078 3106 erat
4127 3050 4355 3130 partes

681 3159 1043 3232 contrarias
1062 3206 1082 3242 ,
1156 3164 1231 3222 ut
1284 3156 1786 3244 opulentiorum
1849 3156 2153 3247 paucitas
2221 3156 2531 3223 omnibus
2598 3155 2933 3223 frueretur
2997 3155 3285 3246 publicis
3357 3152 3730 3222 commodis
3798 3156 4356 3252 victoriarumque

680 3279 1006 3350 fructibus
1026 3326 1045 3361 ,
1115 3297 1496 3366 pauperum
1545 3298 1709 3343 vero
1766 3275 2179 3344 multitudini
2228 3277 2453 3343 omnia
2502 3275 2913 3367 reipublicae
2963 3298 3162 3343 onera
3215 3275 3357 3341 sine
3405 3272 3546 3340 ulla
3595 3273 3906 3343 laborum
3959 3301 4359 3370 compensa-
4399 3363 4407 3380 .

677 3404 861 3470 tione
926 3394 1456 3488 injungerentur.
1574 3395 1893 3464 Destituti
1972 3396 2151 3488 a'gris
2237 3397 2377 3465 otio
2460 3373 3061 3487 ‹mrruinpebantur
3130 3407 3200 3463 et
3264 3403 3550 3486 propter
3615 3418 3941 3463 summam
4005 3402 4353 3490 penuriam

678 3520 1084 3613 inopiaeque
1132 3514 1467 3582 tristitiam
1516 3516 1940 3584 matrimonia
1987 3514 2334 3607 fugiebant
2384 3515 2888 3604 liberorumque
2940 3514 3332 3584 alendorum
3387 3535 3616 3580 curam
3673 3513 3826 3605 21).
3868 3567 3876 3576 .

879 3687 1081 3755 Hanc
1132 3685 1555 3776 optimatium
1608 3686 2024 3777 iniquitatem
2092 3695 2158 3754 et
2206 3685 2515 3777 injuriam
2536 3734 2557 3771 ,
2627 3708 2764 3775 qua
2821 3682 3079 3776 plebeji
3126 3683 3633 3777 premebantur,
3700 3683 3839 3775 jam
3897 3689 4356 3778 antiquissimo

682 3818 1004 3896 tempore
1074 3804 1343 3872 Servius
1415 3804 1681 3872 Tullius
1739 3804 1866 3897 22)
1934 3806 2162 3873 levare
2230 3817 2297 3873 et
2363 3804 2720 3872 emendare
2786 3803 3101 3871 voluerat
3176 3803 3538 3873 dividenda
3603 3815 3671 3874 et
3737 3805 4142 3897 assignanda
4208 3814 4357 3905 agri

674 3924 935 4019 publici
983 3932 1199 4011 parte.
1299 3921 1757 3992 Veruntamen
1820 3948 2039 4018 neque
2090 3925 2307 3994 Servii
2358 3925 2570 3992 Tullii
2634 3923 2985 3993 consilium
3058 3935 3121 3992 et
3187 3925 3532 4014 inceptum
3602 3924 3758 3991 satis
3829 3947 4231 4016 prosperum
4287 3943 4353 3998 et

716 4225 809 4290 ¹⁵)
844 4221 1062 4289 Appian.
1098 4219 1167 4273 de
1200 4220 1321 4273 bell.
1359 4222 1456 4277 civ,
1492 4223 1547 4286 1,
1583 4229 1634 4276 7.

720 4310 810 4376 ¹⁸)
844 4308 1025 4360 Livius
1060 4305 1164 4368 IV,
1207 4309 1293 4358 48.
1436 4343 1447 4349 -

715 4395 805 4461 υ)
838 4392 1118 4456 Dionysius
1155 4392 1276 4444 Hal.
1311 4392 1417 4456 lv,
1452 4397 1503 4445 9.

711 4477 1018 4546 ¹⁸)Livius
1051 4475 1127 4528 lv
1142 4513 1159 4540 ‚
1193 4482 1290 4540 36,
1325 4481 1426 4541 51,
1459 4481 1561 4540 53,
1593 4477 1674 4540 x,
1707 4482 1803 4540 ss,
1832 4482 1939 4542 47,
1977 4467 2213 4541 xxxv,
2253 4481 2344 4540 ιο,
2381 4476 2702 4539 xxxvnl,
2739 4482 2826 4530 35.

715 4566 804 4631 ¹⁹)
840 4563 1060 4630 Appian.
1095 4561 1163 4614 de
1197 4562 1317 4616 bell.
1352 4564 1448 4616 cix.
1484 4563 1539 4626 1,
1576 4568 1637 4625 7,
1673 4562 1939 4616 Plutarch.
1975 4563 2095 4615 Tib.
2134 4561 2360 4617 Gracch.
2392 4569 2460 4626 8,
2495 4563 2675 4616 Livius
2710 4563 2893 4627 XLII,
2936 4568 2996 4627 1,
3031 4568 3096 4628 8,
3133 4570 3203 4629 9,
3239 4570 3350 4616 19.-

712 4653 771 4685 ²·
777 4652 804 4718 )
839 4648 1040 4703 Lucani
1073 4646 1308 4700 Pharsal.
1345 4648 1396 4710 1,
1448 4652 1580 4711 167,
1627 4650 1839 4703 Sallust.
1890 4650 1956 4702 de
2002 4648 2116 4703 ord.
2168 4650 2369 4717 republ.
2417 4649 2495 4711 ll,
2546 4654 2609 4712 5,
2659 4649 2873 4704 Sallust.
2919 4650 3038 4703 bell.
3087 4649 3327 4716 Jugurtb.
3366 4648 3527 4712 xm,
3577 4603 3775 4702 Plinius
3827 4650 3895 4702 Η.
3932 4651 3996 4704 N.
4035 4654 4347 4718 xvl11‚r.

844 4732 1145 4788 Latifundia
1188 4732 1462 4800 perdidere
1500 4733 1720 4790 Italiam.
1772 4737 1978 4788 Seneca
2025 4736 2093 4789 de
2137 4733 2309 4788 benef.
2359 4734 2520 4797 vlu,
2572 4737 2666 4786 10·
2697 4729 2895 4789 Vasta
2935 4737 3104 4804 spatia
3151 4744 3403 4788 tet-rtrum
3450 4751 3546 4803 per
3593 4738 3790 4790 vinctos
3826 4737 4059 4790 colenda.
4131 4740 4343 4810 Dionys.

842 4820 965 4873 Hal.
1002 4819 1086 4883 11,
1119 4822 1205 4871 74.
2481 4845 2486 4856 ·

712 4905 805 5022 Γ)
838 4906 1103 4973 Appianus
1138 4911 1192 4957 et
1227 4903 1535 4956 Plutarchus
1570 4920 1615 4957 c.
1648 4905 1682 4957 1.

712 4989 1017 5054 ²⁸)leius
1050 4989 1107 5054 1,
1147 4994 1242 5054 46,
1276 4993 1374 5053 47,
1410 4990 1622 5056 Dionys.
1658 4989 1779 5043 Hal.
1815 4989 1919 5052 IV,
1954 4994 2020 5053 9,
2056 4992 2149 5053 11,
2185 4991 2373 5047 Zomr.
2409 4994 2592 5047 Annul-
2633 4992 2767 5055 vn,
2800 4995 2852 5045 9.
2921 4990 3178 5045 Niebulm
3229 4991 3482 5046 ιὸιιιὶιεΙιο
3525 4991 3847 5046 (3er
3889 4992 3983 5048 Ba.
4026 4997 4081 5059 1,
4129 5015 4178 5066 p.
4212 5003 4335 5061 884

844 5075 1005 5128 vierte
1039 5076 1272 5144 Auflage.
1344 5076 1440 5129 Bd.
1479 5075 1561 5139 11,
1598 5091 1649 5143 p.
1689 5078 1820 5138 184,
1854 5074 2012 5128 dritta
2045 5075 2279 5142 Auflage.
