4902 6040
699 664 817 748 γῆν
870 659 1109 749 μηκέτι
1176 654 1564 745 διανέμειν),
1631 655 1707 723 id
1768 675 2043 745 quoque
2077 644 2266 723 ‘cum
2329 657 2486 748 lege
2538 655 2804 725 Thoria
2866 666 3386 729 consentamum
3451 666 3597 742 est,
3663 658 3739 727 in
3801 682 3936 748 qua
4003 658 4098 727 de
4141 660 4378 728 Italico

700 780 975 871 quidem
1040 798 1206 869 agro
1266 775 1545 866 publico
1610 774 1977 843 dividendo
2045 787 2113 843 et
2180 776 2587 868 assiguando
2649 798 2982 867 nusquam
3045 799 3268 844 sermo
3335 788 3462 845 est.
3581 776 3850 844 Deinde
3920 778 4112 868 quod
4177 800 4386 869 supra

706 896 1072 967 secundum
1123 895 1293 985 legis
1347 894 1653 962 Thuriae
1725 896 2111 987 fragmenta
2180 896 2356 978 dixi,
2431 894 2786 987 vectigalia
2855 896 3003 986 agn'
3059 896 3356 985 publici,
3443 896 3560 985 qui
3619 896 4144 986 relinqueretur,
4215 919 4386 965 con-

704 1019 936 1086 stituta
1013 1036 1192 1099 esse,
1270 1012 1453 1081 idem
1521 1017 1723 1085 etiam
1791 1015 2149 1106 Appiauus
2212 996 2395 1107 lege*
2422 1014 2629 1083 Beria
2675 1016 2932 1083 factum
2981 1037 3129 1083 esse
3177 1024 3660 1082 commemorat
3726 1014 3900 1102 (aar
3923 1014 4174 1104 φόρους
4223 1010 4381 1108 ὑπὲρ

707 1130 909 1225 αὖτῆς
958 1138 1057 1218 τῷ
1128 1131 1308 1223 δήμῳ
1372 1135 1922 1224 κατατίθεσθαι).
2023 1132 2233 1219 Quod
2290 1134 2724 1226 vectigalium
2789 1145 3016 1202 autem
3085 1146 3490 1224 proventum
3557 1134 3814 1202 civibus
3881 1134 4171 1201 divisum
4235 1158 4380 1204 esse

703 1256 1060 1345 Appianis
1110 1258 1381 1331 enarrat
1432 1252 1580 1341 (καὶ
1632 1252 1791 1319 τάδε
1842 1251 1928 1320 τὰ
1978 1250 2305 1343 ’χρήματα
2358 1256 2606 1343 χωρεῖν
2657 1253 2716 1331 ἐς
2770 1252 3146 1344 διανομαὶ),
3221 1252 3370 1344 ejus
3439 1252 3716 1342 quidem
3773 1255 3869 1321 rei
3931 1255 4384 1322 testimouium

702 1377 773 1441 in
820 1373 1213 1464 fragmentis
1264 1395 1404 1438 non
1450 1372 1809 1441 invenitur.
1912 1371 2053 1439 Sed
2122 1372 2269 1461 quis
2336 1372 2496 1439 inde
2565 1372 2769 1439 facile
2827 1371 3233 1459 concludet,
3302 1374 3372 1439 in
3439 1372 3808 1462 deperditis
3857 1373 4194 1462 capitibus
4244 1374 4386 1443 tale

705 1493 872 1584 quid
919 1514 1063 1560 non
1126 1513 1271 1557 esse
1334 1501 1663 1559 statutum
1680 1539 1702 1576 ,
1785 1514 1999 1579 quum
2060 1490 2275 1559 multe
2326 1492 2595 1559 minima
2645 1513 2803 1581 pars
2867 1491 3039 1581 legis
3105 1492 3298 1559 nobis
3350 1493 3636 1581 supersit
3651 1491 3688 1558 ?
3789 1493 4018 1577 Quare
4063 1493 4238 1560 nihil
4282 1504 4383 1561 est

702 1613 793 1680 ab
843 1604 1163 1703 Appiano
1226 1610 1524 1693 dictum,
1584 1609 1791 1699 .quod
1854 1618 2126 1676 nostrae
2189 1610 2494 1699 opinioni
2556 1609 2944 1695 adversetur
3005 1632 3228 1701 neque
3296 1611 3577 1678 dubium
3641 1611 3810 1678 mihi
3854 1611 4137 1695 videtur,
4222 1613 4386 1701 quin

701 1732 821 1803 ille
878 1733 955 1798 iis
1024 1730 1242 1798 verbis
1263 1781 1284 1815 ,
1367 1751 1541 1818 quae
1607 1728 2006 1797 Rudorffius
2077 1728 2166 1795 de
2224 1728 2430 1796 Boria
2483 1728 2777 1821 quadam
2827 1731 2980 1821 lege
3027 1730 3396 1811 intellexit,
3480 1730 3569 1797 de
3618 1729 3857 1797 eadem
3904 1730 4066 1821 lege
4118 1731 4390 1801 locutus

708 1852 823 1935 sit,
895 1824 1088 1940 cujus
1154 1848 1384 1916 tabula
1449 1847 1654 1921 etiam
1720 1869 1897 1914 nunc
1965 1860 2361 1916 conservata
2429 1838 2604 1917 ests
2669 1850 3009 1917 Ponamus
3077 1849 3284 1940 igitur
3345 1848 3533 1915 Borii
3593 1871 3842 1916 nomeu
3906 1853 4386 1942 corrigendum

707 1986 850 2043 esse
920 1990 1139 2058 eaque
1211 1970 1418 2035 verba
1480 1968 1569 2034 de
1633 1966 1791 2058 lege
1862 1968 2129 2037 Thoria
2192 1969 2653 2060 intelligenda.
2774 1966 2964 2053 Quid
3024 1978 3270 2059 postea
3338 1966 3588 2035 factum
3660 1968 3814 2035 est?
3905 2006 3994 2019 —
4081 1970 4382 2041 Thorius

709 2090 1016 2160 omnibus
1070 2087 1283 2155 voluit
1330 2088 1642 2177 placere;
1707 2086 1827 2152 sed
1878 2088 2065 2176 quod
2111 2091 2378 2157 evenire
2440 2088 2612 2155 solet
2659 2090 2729 2155 in
2778 2088 3113 2179 ejusmodi
3159 2084 3497 2170 consiliis,
3563 2098 3644 2155 ut
3695 2088 3813 2178 qui
3862 2090 4174 2157 omnibus
4224 2092 4387 2159 velit

582 2306 595 2315 .
708 2210 1129 2289 satisfacere,
1214 2207 1459 2273 nemini
1531 2205 1923 2290 satisfaciat,
1996 2208 2071 2276 id
2134 2209 2385 2276 accidit
2441 2209 2641 2274 etiam
2703 2207 3006 2310 Thurin,
3075 2205 3357 2296 ejusque
3420 2206 3531 2275 lex
3595 2207 3807 2296 paulo
3873 2219 4038 2297 post
4097 2208 4186 2276 ab
4251 2210 4387 2278 alio

710 2332 978 2397 tribuno
1045 2326 1263 2418 plebis
1328 2325 1662 2416 abrogata
1729 2336 1851 2393 est·
1963 2327 2327 2415 Antiquata
2404 2337 2630 2393 autem
2699 2327 2862 2417 lege
2920 2320 3184 2394 Thoria
3247 2327 3486 2415 inopes
3561 2326 3736 2395 cives
3802 2350 3926 2417 spe
3987 2329 4060 2395 in
4121 2329 4387 2422 legibus

710 2449 991 2541 agrariis
1074 2440 1302 2536 posita
1364 2444 1662 2512 frustrati
1746 2454 1899 2513 sunt
1983 2456 2055 2513 et
2133 2444 2223 2511 ad
2286 2446 2637 2536 pristinam
2716 2445 2906 2513 illam
2972 2457 3042 2513 et
3105 2445 3540 2512 tristissimam
3605 2444 4060 2514 conditionem
4126 2447 4387 2540 rejecti.

586 2662 599 2672 ὀ
709 2569 932 2637 Testis
985 2576 1086 2637 est
1134 2565 1341 2656 hujus
1388 2566 1487 2632 rei
1523 2565 1875 2652 Appianus
1922 2565 2001 2631 iis
2046 2564 2311 2651 verbis,
2370 2587 2546 2655 quae
2595 2584 2799 2657 supra
2847 2566 2936 2631 ab
2983 2564 3171 2631 initio
3219 2565 3555 2655 proposui
3604 2575 3673 2632 et
3721 2564 3812 2631 ad
3864 2589 4153 2656 quorum
4203 2590 4384 2636 nunc

716 2684 1198 2781 aggrediamur
1244 2685 1787 2779 explicationem

918 2806 1114 2889 Quae
1162 2827 1205 2871 a
1248 2803 1627 2901 primordio
1678 2803 1960 2871 civitatis
2011 2803 2329 2871 continuo
2379 2799 2666 2869 excitata
2711 2802 2976 2870 fuerant
3023 2803 3388 2871 certamina
3437 2803 3724 2895 agraria,
3775 2826 3859 2870 ea
3908 2805 4038 2894 Sp.
4092 2805 4383 2889 Cassius,

712 2925 1007 2992 Licinius
1061 2923 1263 2990 Stolo
1280 2972 1300 3005 ,
1372 2923 1670 2989 Gracchi
1720 2921 2101 2989 dividendis
2170 2932 2241 2988 et
2290 2923 2706 3008 assignandis
2757 2923 2940 3008 agris
2991 2922 3282 3007 publicis
3331 2944 3744 3011 componere
3811 2947 3886 2990 se
3953 2946 4158 3012 posse
4221 2949 4388 2993 cen-

706 3052 999 3112 suerunt.
1101 3041 1215 3107 Ex
1256 3043 1441 3131 agris
1491 3049 1715 3109 autem
1762 3039 2057 3130 publicis
2104 3038 2293 3128 prius
2343 3039 2513 3128 pelli
2563 3038 2870 3128 oportuit
2917 3049 3174 3106 veteres
3224 3062 3645 3130 possessores
3663 3090 3685 3125 ,
3757 3043 3874 3131 qui
3922 3064 4040 3109 eos
4088 3066 4385 3135 occupa-

713 3173 962 3231 verant.
1062 3159 1245 3230 Hinc
1309 3171 1495 3227 ortae
1566 3168 1717 3227 sunt
1786 3160 1970 3225 rixae
2032 3155 2189 3224 illae
2253 3166 2323 3224 et
2390 3157 2666 3226 dissidia
2713 3157 2991 3240 civium,
3062 3180 3237 3247 quae
3285 3158 3552 3228 Romae
3617 3181 3964 3250 nunquam
4013 3164 4384 3232 cessabant.

710 3283 807 3352 Et
857 3301 1266 3372 quamquam
1292 3279 1383 3346 in
1430 3279 1537 3346 bis
1588 3276 2129 3346 contentionibus
2186 3276 2484 3344 civilibus
2533 3274 2797 3367 plebeji
2862 3298 3000 3343 non
3049 3278 3142 3344 ita
3205 3275 3472 3345 fueraut
3519 3281 3933 3368 superiores,
3997 3291 4074 3348 ut
4119 3283 4211 3350 ad
4260 3306 4389 3350 vo-

714 3404 1037 3470 luntatem
1107 3419 1295 3466 suam
1360 3400 1517 3466 satis
1577 3375 1893 3489 magnam
1958 3397 2105 3486 agri
2169 3395 2425 3484 publici
2485 3397 2756 3485 copiam
2823 3395 3121 3485 patriciis
3194 3406 3708 3486 extorquerent,
3777 3399 3855 3466 id
3921 3412 4147 3468 tamen
4209 3403 4388 3470 nacti

643 3574 655 3584 .
716 3529 942 3605 eraut,
1010 3529 1090 3586 ut
1138 3517 1299 3585 iude
1344 3542 1391 3583 a
1438 3518 1563 3606 Sp.
1617 3516 1852 3586 Cassio
1901 3515 2231 3584 habereut
2296 3516 2526 3607 legem
2575 3516 2947 3606 agrariam,
3015 3513 3108 3584 ad
3176 3538 3384 3604 quam
3443 3527 3770 3607 tanquam
3833 3531 4026 3588 vetus
4078 3544 4271 3590 suum
4321 3535 4391 3590 et

715 3641 1059 3728 antiquum
1108 3635 1224 3727 jus
1292 3647 1766 3726 provocarent.
1866 3635 2068 3702 Hanc
2132 3655 2357 3701 rerum
2424 3634 2882 3703 conditionem
2941 3633 3225 3701 mutavit
3283 3635 3584 3704 Thorius
3653 3660 3836 3705 nove
3900 3662 4152 3731 genere
4207 3625 4392 3732 'legis

715 3757 1024 3850 agrariae
1070 3754 1483 3846 proferendo
1499 3804 1521 3840 ,
1591 3777 1725 3844 qua
1786 3753 2093 3824 omnibus
2145 3776 2217 3822 se
2271 3752 2428 3820 satis
2480 3752 2645 3820 dare
2695 3747 3260 3841 concordinnque
3309 3754 3380 3822 in
3430 3756 3768 3823 civitatem
3815 3757 4141 3827 reducere
4189 3783 4390 3852 posse
4499 3803 4516 3816 ι

570 3863 583 3877 ”
714 3875 1000 3969 putavit.
1102 3876 1198 3942 At
1264 3874 1673 3941 contrarium
1737 3875 1982 3941 evenit.
2086 3873 2416 3940 Nobilitas
2486 3874 2700 3958 enim,
2768 3896 2942 3979 quae
3004 3894 3206 3964 agros
3269 3873 3586 3963 publicos
3652 3888 3943 3967 propter
4005 3879 4388 3947 diuturnam

710 3994 1203 4090 possessionem
1227 3993 1377 4083 jam
1422 3992 1722 4060 habebat
1760 4004 2100 4082 tamquam
2138 3994 2468 4084 privatoS,
2519 4014 2659 4059 non
2705 3993 2879 4060 tanti
2929 3989 3297 4060 aestimavit
3345 3995 3594 4062 factam
3643 3996 3833 4064 illam
3883 4020 4008 4088 per
4057 3998 4390 4067 Thorium

717 4117 943 4206 legem
1011 4112 1174 4202 jutis
1230 4114 1477 4202 agrarii
1545 4114 2172 4197 commutationem,
2242 4121 2318 4179 ut
2366 4113 2455 4180 de
2507 4100 2686 4205 agris
2736 4133 2938 4203 supra
2987 4092 3272 4184 modum
3317 4116 3648 4202 possessis
3699 4115 4074 4184 decederet.
4177 4119 4390 4189 Vete-

715 4234 897 4300 ribus
949 4217 1175 4298 auttm
1226 4254 1354 4323 pos
1326 4232 1719 4299 ssessoribus
1770 4243 1973 4324 agros
2020 4253 2161 4299 non
2211 4230 2776 4321 relinquentibuS,
2841 4231 3190 4321 quomodo
3239 4233 3582 4328 pauperes
3648 4257 3765 4302 eos
3814 4247 4133 4326 poterant
4183 4261 4389 4307 occu-

716 4373 919 4446 pare.
902 4351 935 4417 ἓ
1022 4353 1255 4441 ltaque
1301 4351 1414 4418 lex
1464 4351 1730 4419 Thoria
1803 4375 1939 4419 non
2000 4349 2236 4418 habuit
2286 4363 2686 4442 exoptatum
2744 4349 2930 4438 illum
2987 4361 3346 4438 eventum,
3418 4362 3496 4444 ut
3542 4354 3824 4445 inopum
3874 4358 4115 4425 civium
4163 4360 4392 4426 multi-

714 4470 881 4541 tudo
933 4491 1141 4563 agros
1206 4470 1583 4560 &fiper-et,
1652 4472 1775 4540 sed
1840 4471 2039 4538 inane
2084 4470 2438 4538 videbatur
2488 4493 2631 4538 esse
2679 4470 3038 4540 artificium
3081 4469 3498 4560 (σόφισμα),
3571 4496 3711 4562 quo
3777 4476 3875 4544 illi
3939 4476 4388 4567 placarentur.

716 4589 981 4661 solatio
1040 4585 1172 4676 ⁵⁸)
1231 4587 1507 4675 quidem
1574 4588 1843 4657 fuerunt
1906 4586 2267 4678 vectigalia
2316 4612 2402 4656 ex
2471 4611 2642 4680 agro
2707 4590 2986 4679 publico
3035 4590 3402 4681 pendenda
3454 4603 3524 4659 et
3574 4593 3747 4660 iuter
3793 4593 3950 4660 illos
4002 4594 4385 4679 dividenda,

719 4709 791 4776 id
843 4720 1106 4791 tamen,
1160 4704 1350 4794 quod
1402 4705 1750 4780 Gracchus
1803 4730 1922 4776 sua
1975 4706 2101 4774 sibi
2144 4707 2311 4800 lege
2354 4718 2828 4800 proposuerat,
2877 4729 3018 4775 non
3067 4711 3293 4797 potuit
3343 4709 3452 4777 his
3501 4711 3971 4801 partitionibus
4021 4714 4383 4801 impetrari,

721 4836 828 4914 ut,
886 4827 1103 4902 otiosa
1152 4824 1353 4892 turba
1402 4848 1444 4890 a
1495 4826 1765 4894 socordi
1812 4799 2136 4917 unique
2184 4828 2323 4895 vita
2386 4826 2479 4894 ad
2551 4828 2997 4918 agriculturae
3062 4826 3458 4896 industriam
3523 4828 3818 4899 adducta
3880 4843 3947 4901 et
4015 4830 4107 4900 ad
4154 4833 4381 4901 matri-

2985 4999 3012 5038 ο

760 5073 853 5140 ⁸⁸)
875 5058 1038 5135 ‘otte
1078 5071 1265 5134 ‚imper
1306 5087 1383 5130 τις
1426 5071 1529 5129 τοῖς
1571 5077 1737 5135 πένησι
1776 5065 2091 5138 vestraein,
2134 5073 2215 5126 &a
2254 5074 2344 5130 rit-3
2387 5061 2644 5135 διανομάς·
2687 5078 2870 5137 σφωε
2909 5069 3087 5127 famu
3130 5074 3182 5134 k
3222 5071 3584 5139 πλπληθίιν.
