<?xml version="1.0" encoding="UTF-8"?>
<!DOCTYPE html PUBLIC "-//W3C//DTD XHTML 1.0 Transitional//EN"
    "http://www.w3.org/TR/xhtml1/DTD/xhtml1-transitional.dtd">
<html xmlns="http://www.w3.org/1999/xhtml" xml:lang="en" lang="en">
 <head>
  <title>
</title>
<meta http-equiv="Content-Type" content="text/html;charset=utf-8" />
  <meta name='ocr-system' content='tesseract 3.04.00' />
  <meta name='ocr-capabilities' content='ocr_page ocr_carea ocr_par ocr_line ocrx_word'/>
</head>
<body>
  <div class='ocr_page' id='page_1' title='image "./commentatiodele00zeisgoog_0016.png"; bbox 0 0 4902 6040; ppageno 0'>
   <div class='ocr_carea' id='block_1_1' title="bbox 2049 477 2356 507">
    <p class='ocr_par' dir='ltr' id='par_1_1' title="bbox 2049 477 2356 507">
     <span class='ocr_line' id='line_1_1' title="bbox 2049 477 2356 507; baseline 0 0"><span class='ocrx_word' id='word_1_1' title='bbox 2049 477 2356 507; x_wconf 95' lang='lat' dir='ltr'> </span> 
     </span>
    </p>
   </div>
   <div class='ocr_carea' id='block_1_2' title="bbox 622 633 4481 3235">
    <p class='ocr_par' dir='ltr' id='par_1_2' title="bbox 724 633 4404 1207">
     <span class='ocr_line' id='line_1_2' title="bbox 724 633 4399 730; baseline 0.001 -25"><span class='ocrx_word' id='word_1_2' title='bbox 724 646 864 722; x_wconf 85' lang='lat' dir='ltr'>tus,</span> <span class='ocrx_word' id='word_1_3' title='bbox 934 656 1018 702; x_wconf 88' lang='lat' dir='ltr'>ne</span> <span class='ocrx_word' id='word_1_4' title='bbox 1084 633 1529 719; x_wconf 81' lang='lat' dir='ltr'>divideretur,</span> <span class='ocrx_word' id='word_1_5' title='bbox 1599 656 1819 723; x_wconf 87' lang='lat' dir='ltr'>neque</span> <span class='ocrx_word' id='word_1_6' title='bbox 1884 657 1926 701; x_wconf 90' lang='lat' dir='ltr'>a</span> <span class='ocrx_word' id='word_1_7' title='bbox 1973 644 2202 703; x_wconf 73' lang='lat' dir='ltr'>vetere</span> <span class='ocrx_word' id='word_1_8' title='bbox 2265 636 2411 704; x_wconf 87' lang='lat' dir='ltr'>ullo</span> <span class='ocrx_word' id='word_1_9' title='bbox 2476 658 2863 728; x_wconf 81' lang='lat' dir='ltr'>possessore</span> <span class='ocrx_word' id='word_1_10' title='bbox 2927 657 3272 726; x_wconf 80' lang='lat' dir='ltr'>possessus</span> <span class='ocrx_word' id='word_1_11' title='bbox 3291 683 3312 720; x_wconf 94' lang='lat'>,</span> <span class='ocrx_word' id='word_1_12' title='bbox 3381 657 3596 725; x_wconf 74' lang='lat' dir='ltr'>usque</span> <span class='ocrx_word' id='word_1_13' title='bbox 3661 636 3753 704; x_wconf 84' lang='lat' dir='ltr'>ad</span> <span class='ocrx_word' id='word_1_14' title='bbox 3817 636 4014 705; x_wconf 87' lang='lat' dir='ltr'>XXX</span> <span class='ocrx_word' id='word_1_15' title='bbox 4072 635 4399 730; x_wconf 74' lang='lat' dir='ltr'>jugerum</span> 
     </span>
     <span class='ocr_line' id='line_1_3' title="bbox 725 732 4404 853; baseline 0.001 -28"><span class='ocrx_word' id='word_1_16' title='bbox 725 732 1017 825; x_wconf 65' lang='lat' dir='ltr'>modum⁴</span> <span class='ocrx_word' id='word_1_17' title='bbox 1042 746 1183 823; x_wconf 77' lang='lat' dir='ltr'>&#39;sibi</span> <span class='ocrx_word' id='word_1_18' title='bbox 1234 776 1492 822; x_wconf 89' lang='lat' dir='ltr'>sumere</span> <span class='ocrx_word' id='word_1_19' title='bbox 1544 755 1864 820; x_wconf 82' lang='lat' dir='ltr'>concessit</span> <span class='ocrx_word' id='word_1_20' title='bbox 1915 776 2202 845; x_wconf 84' lang='lat' dir='ltr'>eumque</span> <span class='ocrx_word' id='word_1_21' title='bbox 2255 757 2453 823; x_wconf 87' lang='lat' dir='ltr'>etiam</span> <span class='ocrx_word' id='word_1_22' title='bbox 2503 779 2741 848; x_wconf 74' lang='lat' dir='ltr'>agrum</span> <span class='ocrx_word' id='word_1_23' title='bbox 2793 754 3090 823; x_wconf 72' lang='lat' dir='ltr'><strong>reddidit</strong></span> <span class='ocrx_word' id='word_1_24' title='bbox 3135 755 3468 845; x_wconf 73' lang='lat' dir='ltr'>privatum</span> <span class='ocrx_word' id='word_1_25' title='bbox 3495 754 3662 853; x_wconf 46' lang='lat'>44),</span> <span class='ocrx_word' id='word_1_26' title='bbox 3751 755 4114 824; x_wconf 85' lang='lat' dir='ltr'>Praeterea</span> <span class='ocrx_word' id='word_1_27' title='bbox 4161 761 4404 847; x_wconf 84' lang='lat' dir='ltr'>publi-</span> 
     </span>
     <span class='ocr_line' id='line_1_4' title="bbox 728 873 4398 969; baseline 0.001 -27"><span class='ocrx_word' id='word_1_28' title='bbox 728 898 961 959; x_wconf 82' lang='lat' dir='ltr'>corum</span> <span class='ocrx_word' id='word_1_29' title='bbox 1010 895 1412 965; x_wconf 82' lang='lat' dir='ltr'>pascuorum</span> <span class='ocrx_word' id='word_1_30' title='bbox 1467 895 1659 940; x_wconf 82' lang='lat' dir='ltr'>usum</span> <span class='ocrx_word' id='word_1_31' title='bbox 1710 874 1953 963; x_wconf 77' lang='lat' dir='ltr'>nsque‘</span> <span class='ocrx_word' id='word_1_32' title='bbox 1976 874 2065 941; x_wconf 87' lang='lat' dir='ltr'>ad</span> <span class='ocrx_word' id='word_1_33' title='bbox 2117 885 2374 943; x_wconf 89' lang='lat' dir='ltr'>certum</span> <span class='ocrx_word' id='word_1_34' title='bbox 2428 875 2763 965; x_wconf 85' lang='lat' dir='ltr'>quendam</span> <span class='ocrx_word' id='word_1_35' title='bbox 2815 873 3160 964; x_wconf 71' lang='lat' dir='ltr'>pecudum</span> <span class='ocrx_word' id='word_1_36' title='bbox 3210 894 3598 959; x_wconf 73' lang='lat' dir='ltr'>numerum,</span> <span class='ocrx_word' id='word_1_37' title='bbox 3656 874 3894 943; x_wconf 87' lang='lat' dir='ltr'>decem</span> <span class='ocrx_word' id='word_1_38' title='bbox 3945 875 4214 967; x_wconf 83' lang='lat' dir='ltr'>majoris</span> <span class='ocrx_word' id='word_1_39' title='bbox 4263 902 4398 969; x_wconf 88' lang='lat' dir='ltr'>pe-</span> 
     </span>
     <span class='ocr_line' id='line_1_5' title="bbox 726 990 4393 1085; baseline 0.001 -22"><span class='ocrx_word' id='word_1_40' title='bbox 726 996 923 1063; x_wconf 79' lang='lat' dir='ltr'>coris·</span> <span class='ocrx_word' id='word_1_41' title='bbox 956 1004 1025 1061; x_wconf 91' lang='lat' dir='ltr'>ct</span> <span class='ocrx_word' id='word_1_42' title='bbox 1074 992 1557 1082; x_wconf 80' lang='lat' dir='ltr'>quinquaginta</span> <span class='ocrx_word' id='word_1_43' title='bbox 1606 994 1901 1078; x_wconf 88' lang='lat' dir='ltr'>minoris,</span> <span class='ocrx_word' id='word_1_44' title='bbox 1953 994 2048 1061; x_wconf 89' lang='lat' dir='ltr'>uti</span> <span class='ocrx_word' id='word_1_45' title='bbox 2101 993 2385 1078; x_wconf 78' lang='lat' dir='ltr'>videtur,</span> <span class='ocrx_word' id='word_1_46' title='bbox 2438 996 2654 1085; x_wconf 80' lang='lat' dir='ltr'>gratis</span> <span class='ocrx_word' id='word_1_47' title='bbox 2707 1003 2776 1062; x_wconf 90' lang='lat' dir='ltr'>et</span> <span class='ocrx_word' id='word_1_48' title='bbox 2827 997 2968 1061; x_wconf 90' lang='lat' dir='ltr'>sine</span> <span class='ocrx_word' id='word_1_49' title='bbox 3018 994 3364 1084; x_wconf 81' lang='lat' dir='ltr'>vectigalis</span> <span class='ocrx_word' id='word_1_50' title='bbox 3405 990 3740 1060; x_wconf 86' lang='lat' dir='ltr'>solutione</span> <span class='ocrx_word' id='word_1_51' title='bbox 3770 995 4093 1085; x_wconf 72' lang='lat' dir='ltr'>patefea‘t</span> <span class='ocrx_word' id='word_1_52' title='bbox 4125 1007 4194 1064; x_wconf 91' lang='lat' dir='ltr'>et</span> <span class='ocrx_word' id='word_1_53' title='bbox 4225 998 4393 1067; x_wconf 85' lang='lat' dir='ltr'>libe-</span> 
     </span>
     <span class='ocr_line' id='line_1_6' title="bbox 728 1109 4391 1207; baseline 0.001 -23"><span class='ocrx_word' id='word_1_54' title='bbox 728 1137 878 1185; x_wconf 86' lang='lat' dir='ltr'>rum</span> <span class='ocrx_word' id='word_1_55' title='bbox 931 1112 1120 1180; x_wconf 84' lang='lat' dir='ltr'>dedit</span> <span class='ocrx_word' id='word_1_56' title='bbox 1151 1109 1322 1198; x_wconf 63' lang='grc' dir='ltr'>4ὃ),</span> <span class='ocrx_word' id='word_1_57' title='bbox 1375 1112 1471 1178; x_wconf 89' lang='lat' dir='ltr'>ab·</span> <span class='ocrx_word' id='word_1_58' title='bbox 1508 1112 1586 1179; x_wconf 88' lang='lat' dir='ltr'>iis</span> <span class='ocrx_word' id='word_1_59' title='bbox 1638 1123 1904 1197; x_wconf 84' lang='lat' dir='ltr'>contra,</span> <span class='ocrx_word' id='word_1_60' title='bbox 1958 1112 2071 1201; x_wconf 87' lang='lat' dir='ltr'>qui</span> <span class='ocrx_word' id='word_1_61' title='bbox 2122 1110 2409 1201; x_wconf 83' lang='lat' dir='ltr'>majores</span> <span class='ocrx_word' id='word_1_62' title='bbox 2461 1114 2828 1203; x_wconf 83' lang='lat' dir='ltr'>pascebant</span> <span class='ocrx_word' id='word_1_63' title='bbox 2877 1136 3165 1205; x_wconf 83' lang='lat' dir='ltr'>greges,</span> <span class='ocrx_word' id='word_1_64' title='bbox 3219 1113 3544 1201; x_wconf 78' lang='lat' dir='ltr'>scriptura</span> <span class='ocrx_word' id='word_1_65' title='bbox 3596 1112 3955 1205; x_wconf 82' lang='lat' dir='ltr'>diligenter</span> <span class='ocrx_word' id='word_1_66' title='bbox 3994 1126 4226 1184; x_wconf 87' lang='lat' dir='ltr'>exacta</span> <span class='ocrx_word' id='word_1_67' title='bbox 4245 1116 4391 1207; x_wconf 78' lang='lat'>4⁶).</span> 
     </span>
    </p>

    <p class='ocr_par' dir='ltr' id='par_1_3' title="bbox 724 1216 4481 1919">
     <span class='ocr_line' id='line_1_7' title="bbox 826 1216 4395 1324; baseline 0 -24"><span class='ocrx_word' id='word_1_68' title='bbox 826 1216 951 1303; x_wconf 87' lang='lat'>111.</span> <span class='ocrx_word' id='word_1_69' title='bbox 1025 1230 1301 1298; x_wconf 82' lang='lat' dir='ltr'>Tertiae</span> <span class='ocrx_word' id='word_1_70' title='bbox 1380 1230 1671 1322; x_wconf 88' lang='lat' dir='ltr'>denique</span> <span class='ocrx_word' id='word_1_71' title='bbox 1736 1232 1836 1299; x_wconf 92' lang='lat' dir='ltr'>illi</span> <span class='ocrx_word' id='word_1_72' title='bbox 1913 1232 2328 1324; x_wconf 78' lang='lat' dir='ltr'>agrariorum</span> <span class='ocrx_word' id='word_1_73' title='bbox 2404 1233 2850 1323; x_wconf 69' lang='lat' dir='ltr'><strong>multitudini,</strong></span> <span class='ocrx_word' id='word_1_74' title='bbox 2936 1254 3176 1323; x_wconf 85' lang='lat' dir='ltr'>quam,</span> <span class='ocrx_word' id='word_1_75' title='bbox 3266 1232 3673 1322; x_wconf 84' lang='lat' dir='ltr'>Sempronia</span> <span class='ocrx_word' id='word_1_76' title='bbox 3737 1233 3894 1324; x_wconf 79' lang='lat' dir='ltr'>lege</span> <span class='ocrx_word' id='word_1_77' title='bbox 3970 1235 4395 1323; x_wconf 85' lang='lat' dir='ltr'>concitatam,</span> 
     </span>
     <span class='ocr_line' id='line_1_8' title="bbox 731 1349 4397 1442; baseline 0.001 -22"><span class='ocrx_word' id='word_1_78' title='bbox 731 1350 1135 1420; x_wconf 84' lang='lat' dir='ltr'>Gracchano</span> <span class='ocrx_word' id='word_1_79' title='bbox 1201 1359 1513 1441; x_wconf 80' lang='lat' dir='ltr'>tempore</span> <span class='ocrx_word' id='word_1_80' title='bbox 1561 1353 1855 1421; x_wconf 84' lang='lat' dir='ltr'>Romam</span> <span class='ocrx_word' id='word_1_81' title='bbox 1922 1349 2318 1419; x_wconf 77' lang='lat' dir='ltr'>confluxisse</span> <span class='ocrx_word' id='word_1_82' title='bbox 2390 1374 2592 1442; x_wconf 87' lang='lat' dir='ltr'>supra</span> <span class='ocrx_word' id='word_1_83' title='bbox 2656 1353 2955 1421; x_wconf 77' lang='lat' dir='ltr'>enarravi</span> <span class='ocrx_word' id='word_1_84' title='bbox 2973 1400 2994 1437; x_wconf 95' lang='lat'>,</span> <span class='ocrx_word' id='word_1_85' title='bbox 3062 1374 3371 1442; x_wconf 83' lang='lat' dir='ltr'>quaeque</span> <span class='ocrx_word' id='word_1_86' title='bbox 3436 1350 3788 1418; x_wconf 74' lang='lat' dir='ltr'>constabat</span> <span class='ocrx_word' id='word_1_87' title='bbox 3853 1376 3894 1420; x_wconf 89' lang='lat' dir='ltr'>e</span> <span class='ocrx_word' id='word_1_88' title='bbox 3963 1354 4397 1442; x_wconf 87' lang='lat' dir='ltr'>coloniarum,</span> 
     </span>
     <span class='ocr_line' id='line_1_9' title="bbox 724 1470 4394 1566; baseline 0.002 -28"><span class='ocrx_word' id='word_1_89' title='bbox 724 1471 1240 1559; x_wconf 76' lang='lat' dir='ltr'>municipiorum</span> <span class='ocrx_word' id='word_1_90' title='bbox 1320 1471 1738 1561; x_wconf 88' lang='lat' dir='ltr'>aliorumque</span> <span class='ocrx_word' id='word_1_91' title='bbox 1818 1470 2232 1559; x_wconf 82' lang='lat' dir='ltr'>oppidorum</span> <span class='ocrx_word' id='word_1_92' title='bbox 2314 1471 2550 1537; x_wconf 86' lang='lat' dir='ltr'>incolis</span> <span class='ocrx_word' id='word_1_93' title='bbox 2570 1518 2589 1554; x_wconf 93' lang='lat'>,</span> <span class='ocrx_word' id='word_1_94' title='bbox 2671 1493 2710 1538; x_wconf 89' lang='lat' dir='ltr'>e</span> <span class='ocrx_word' id='word_1_95' title='bbox 2779 1472 2971 1539; x_wconf 88' lang='lat' dir='ltr'>sociis</span> <span class='ocrx_word' id='word_1_96' title='bbox 3039 1471 3287 1538; x_wconf 85' lang='lat' dir='ltr'>Italicis</span> <span class='ocrx_word' id='word_1_97' title='bbox 3369 1470 3786 1560; x_wconf 74' lang='lat' dir='ltr'>nominisque</span> <span class='ocrx_word' id='word_1_98' title='bbox 3851 1470 4113 1558; x_wconf 84' lang='lat' dir='ltr'>Latini,</span> <span class='ocrx_word' id='word_1_99' title='bbox 4194 1497 4394 1566; x_wconf 78' lang='lat' dir='ltr'>agros</span> 
     </span>
     <span class='ocr_line' id='line_1_10' title="bbox 728 1568 4481 1681; baseline 0.001 -22"><span class='ocrx_word' id='word_1_100' title='bbox 728 1613 881 1659; x_wconf 84' lang='lat' dir='ltr'>suos</span> <span class='ocrx_word' id='word_1_101' title='bbox 898 1590 945 1674; x_wconf 69' lang='lat'>3¹¹</span> <span class='ocrx_word' id='word_1_102' title='bbox 994 1589 1082 1655; x_wconf 87' lang='lat' dir='ltr'>de</span> <span class='ocrx_word' id='word_1_103' title='bbox 1133 1591 1373 1678; x_wconf 87' lang='lat' dir='ltr'>quibus</span> <span class='ocrx_word' id='word_1_104' title='bbox 1438 1593 1761 1659; x_wconf 78' lang='lat' dir='ltr'>timebant</span> <span class='ocrx_word' id='word_1_105' title='bbox 1827 1611 2133 1680; x_wconf 87' lang='lat' dir='ltr'>quosque</span> <span class='ocrx_word' id='word_1_106' title='bbox 2198 1588 2308 1655; x_wconf 79' lang='lat' dir='ltr'>vel</span> <span class='ocrx_word' id='word_1_107' title='bbox 2379 1590 2627 1657; x_wconf 83' lang='lat' dir='ltr'>divisos</span> <span class='ocrx_word' id='word_1_108' title='bbox 2698 1599 2768 1658; x_wconf 89' lang='lat' dir='ltr'>et</span> <span class='ocrx_word' id='word_1_109' title='bbox 2817 1591 3193 1681; x_wconf 78' lang='lat' dir='ltr'>assignatos</span> <span class='ocrx_word' id='word_1_110' title='bbox 3246 1578 3685 1681; x_wconf 62' lang='lat' dir='ltr'>acc‘eperant,</span> <span class='ocrx_word' id='word_1_111' title='bbox 3757 1592 3865 1657; x_wconf 83' lang='lat' dir='ltr'>vel</span> <span class='ocrx_word' id='word_1_112' title='bbox 3932 1593 4226 1661; x_wconf 87' lang='lat' dir='ltr'>emtione</span> <span class='ocrx_word' id='word_1_113' title='bbox 4275 1594 4401 1663; x_wconf 90' lang='lat' dir='ltr'>sibi</span> <span class='ocrx_word' id='word_1_114' title='bbox 4477 1568 4481 1574; x_wconf 25' lang='grc' dir='ltr'>Ι</span> 
     </span>
     <span class='ocr_line' id='line_1_11' title="bbox 729 1708 4398 1801; baseline 0.001 -23"><span class='ocrx_word' id='word_1_115' title='bbox 729 1721 1313 1799; x_wconf 84' lang='lat' dir='ltr'>comparaverant,</span> <span class='ocrx_word' id='word_1_116' title='bbox 1380 1720 1523 1778; x_wconf 81' lang='lat' dir='ltr'>tum</span> <span class='ocrx_word' id='word_1_117' title='bbox 1575 1711 2025 1793; x_wconf 83' lang='lat' dir='ltr'>confirmavit,</span> <span class='ocrx_word' id='word_1_118' title='bbox 2094 1718 2237 1776; x_wconf 89' lang='lat' dir='ltr'>tum</span> <span class='ocrx_word' id='word_1_119' title='bbox 2255 1758 2275 1793; x_wconf 91' lang='lat'>,</span> <span class='ocrx_word' id='word_1_120' title='bbox 2344 1709 2400 1774; x_wconf 88' lang='lat' dir='ltr'>si</span> <span class='ocrx_word' id='word_1_121' title='bbox 2451 1708 2693 1798; x_wconf 88' lang='lat' dir='ltr'>quibus</span> <span class='ocrx_word' id='word_1_122' title='bbox 2744 1732 2978 1777; x_wconf 83' lang='lat' dir='ltr'>eorum</span> <span class='ocrx_word' id='word_1_123' title='bbox 3029 1709 3392 1777; x_wconf 90' lang='lat' dir='ltr'>secundum</span> <span class='ocrx_word' id='word_1_124' title='bbox 3441 1709 3680 1777; x_wconf 85' lang='lat' dir='ltr'>foedus</span> <span class='ocrx_word' id='word_1_125' title='bbox 3733 1711 3880 1801; x_wconf 80' lang='lat' dir='ltr'>agri</span> <span class='ocrx_word' id='word_1_126' title='bbox 3930 1712 4187 1801; x_wconf 81' lang='lat' dir='ltr'>publici</span> <span class='ocrx_word' id='word_1_127' title='bbox 4238 1736 4398 1783; x_wconf 80' lang='lat' dir='ltr'>usus</span> 
     </span>
     <span class='ocr_line' id='line_1_12' title="bbox 730 1827 4080 1919; baseline -0.001 -20"><span class='ocrx_word' id='word_1_128' title='bbox 730 1851 1076 1899; x_wconf 78' lang='lat' dir='ltr'>concessus</span> <span class='ocrx_word' id='word_1_129' title='bbox 1130 1840 1309 1914; x_wconf 84' lang='lat' dir='ltr'>erat,</span> <span class='ocrx_word' id='word_1_130' title='bbox 1361 1829 1538 1897; x_wconf 79' lang='lat' dir='ltr'>idem</span> <span class='ocrx_word' id='word_1_131' title='bbox 1568 1876 1575 1881; x_wconf 40' lang='lat'><strong>⁴</strong></span> <span class='ocrx_word' id='word_1_132' title='bbox 1582 1828 1703 1919; x_wconf 82' lang='lat' dir='ltr'>jus</span> <span class='ocrx_word' id='word_1_133' title='bbox 1753 1829 1898 1919; x_wconf 85' lang='lat' dir='ltr'>agri</span> <span class='ocrx_word' id='word_1_134' title='bbox 1944 1827 2201 1918; x_wconf 88' lang='lat' dir='ltr'>publici</span> <span class='ocrx_word' id='word_1_135' title='bbox 2248 1828 2641 1917; x_wconf 82' lang='lat' dir='ltr'>possidendi</span> <span class='ocrx_word' id='word_1_136' title='bbox 2693 1838 2895 1918; x_wconf 87' lang='lat' dir='ltr'>atque</span> <span class='ocrx_word' id='word_1_137' title='bbox 2948 1829 3200 1896; x_wconf 85' lang='lat' dir='ltr'>civibus</span> <span class='ocrx_word' id='word_1_138' title='bbox 3254 1829 3578 1896; x_wconf 84' lang='lat' dir='ltr'>Romanis</span> <span class='ocrx_word' id='word_1_139' title='bbox 3626 1829 3859 1896; x_wconf 85' lang='lat' dir='ltr'>tribuit</span> <span class='ocrx_word' id='word_1_140' title='bbox 3911 1830 4080 1917; x_wconf 71' lang='lat'>47)‚,</span> 
     </span>
    </p>

    <p class='ocr_par' dir='ltr' id='par_1_4' title="bbox 622 1947 4398 2875">
     <span class='ocr_line' id='line_1_13' title="bbox 847 1947 4394 2044; baseline 0 -28"><span class='ocrx_word' id='word_1_141' title='bbox 847 1948 967 2016; x_wconf 89' lang='lat' dir='ltr'>IV.</span> <span class='ocrx_word' id='word_1_142' title='bbox 1037 1949 1259 2032; x_wconf 78' lang='lat' dir='ltr'>Quam</span> <span class='ocrx_word' id='word_1_143' title='bbox 1324 1947 1627 2043; x_wconf 81' lang='lat' dir='ltr'>plurimis</span> <span class='ocrx_word' id='word_1_144' title='bbox 1695 1968 1858 2015; x_wconf 79' lang='lat' dir='ltr'>vero</span> <span class='ocrx_word' id='word_1_145' title='bbox 1927 1958 1992 2014; x_wconf 92' lang='lat' dir='ltr'>et</span> <span class='ocrx_word' id='word_1_146' title='bbox 2009 1997 2029 2033; x_wconf 94' lang='lat'>,</span> <span class='ocrx_word' id='word_1_147' title='bbox 2102 1947 2155 2014; x_wconf 90' lang='lat' dir='ltr'>si</span> <span class='ocrx_word' id='word_1_148' title='bbox 2220 1947 2369 2013; x_wconf 87' lang='lat' dir='ltr'>fieri</span> <span class='ocrx_word' id='word_1_149' title='bbox 2438 1958 2670 2037; x_wconf 87' lang='lat' dir='ltr'>posset</span> <span class='ocrx_word' id='word_1_150' title='bbox 2687 1997 2707 2033; x_wconf 90' lang='lat'>,</span> <span class='ocrx_word' id='word_1_151' title='bbox 2775 1948 3080 2015; x_wconf 87' lang='lat' dir='ltr'>omnibus</span> <span class='ocrx_word' id='word_1_152' title='bbox 3133 1969 3340 2038; x_wconf 87' lang='lat' dir='ltr'>quum</span> <span class='ocrx_word' id='word_1_153' title='bbox 3393 1947 3691 2016; x_wconf 83' lang='lat' dir='ltr'>Thorius</span> <span class='ocrx_word' id='word_1_154' title='bbox 3744 1949 4119 2017; x_wconf 76' lang='lat' dir='ltr'>satisfacere</span> <span class='ocrx_word' id='word_1_155' title='bbox 4167 1950 4394 2044; x_wconf 82' lang='lat' dir='ltr'>vellet,</span> 
     </span>
     <span class='ocr_line' id='line_1_14' title="bbox 726 2066 4390 2160; baseline 0 -24"><span class='ocrx_word' id='word_1_156' title='bbox 726 2089 869 2136; x_wconf 82' lang='lat' dir='ltr'>non</span> <span class='ocrx_word' id='word_1_157' title='bbox 936 2066 1153 2136; x_wconf 89' lang='lat' dir='ltr'>solum</span> <span class='ocrx_word' id='word_1_158' title='bbox 1225 2066 1334 2134; x_wconf 62' lang='lat' dir='ltr'>de⁴</span> <span class='ocrx_word' id='word_1_159' title='bbox 1383 2068 1561 2160; x_wconf 81' lang='lat' dir='ltr'>agris</span> <span class='ocrx_word' id='word_1_160' title='bbox 1611 2067 1857 2134; x_wconf 82' lang='lat' dir='ltr'>Italicis</span> <span class='ocrx_word' id='word_1_161' title='bbox 1877 2116 1896 2151; x_wconf 95' lang='lat'>,</span> <span class='ocrx_word' id='word_1_162' title='bbox 1970 2090 2201 2133; x_wconf 83' lang='lat' dir='ltr'>verum</span> <span class='ocrx_word' id='word_1_163' title='bbox 2265 2066 2465 2134; x_wconf 82' lang='lat' dir='ltr'>etiam</span> <span class='ocrx_word' id='word_1_164' title='bbox 2531 2067 2620 2134; x_wconf 97' lang='lat' dir='ltr'>de</span> <span class='ocrx_word' id='word_1_165' title='bbox 2666 2066 3222 2158; x_wconf 82' lang='lat' dir='ltr'>provincialibus,</span> <span class='ocrx_word' id='word_1_166' title='bbox 3299 2066 3389 2138; x_wconf 87' lang='lat' dir='ltr'>de</span> <span class='ocrx_word' id='word_1_167' title='bbox 3437 2067 3769 2137; x_wconf 83' lang='lat' dir='ltr'>Africanis</span> <span class='ocrx_word' id='word_1_168' title='bbox 3819 2079 3893 2136; x_wconf 84' lang='lat' dir='ltr'>ct</span> <span class='ocrx_word' id='word_1_169' title='bbox 3945 2069 4390 2137; x_wconf 72' lang='lat' dir='ltr'>Corinthiacis</span> 
     </span>
     <span class='ocr_line' id='line_1_15' title="bbox 726 2186 4389 2278; baseline -0 -21"><span class='ocrx_word' id='word_1_170' title='bbox 726 2188 938 2257; x_wconf 84' lang='lat' dir='ltr'>multa</span> <span class='ocrx_word' id='word_1_171' title='bbox 987 2188 1340 2257; x_wconf 87' lang='lat' dir='ltr'>constituit.</span> <span class='ocrx_word' id='word_1_172' title='bbox 1445 2189 1538 2254; x_wconf 91' lang='lat' dir='ltr'>At</span> <span class='ocrx_word' id='word_1_173' title='bbox 1599 2189 1669 2254; x_wconf 87' lang='lat' dir='ltr'>in</span> <span class='ocrx_word' id='word_1_174' title='bbox 1733 2187 1840 2254; x_wconf 88' lang='lat' dir='ltr'>his</span> <span class='ocrx_word' id='word_1_175' title='bbox 1909 2188 2106 2254; x_wconf 85' lang='lat' dir='ltr'>etiam</span> <span class='ocrx_word' id='word_1_176' title='bbox 2158 2208 2297 2253; x_wconf 87' lang='lat' dir='ltr'>non</span> <span class='ocrx_word' id='word_1_177' title='bbox 2346 2195 2485 2253; x_wconf 87' lang='lat' dir='ltr'>tam</span> <span class='ocrx_word' id='word_1_178' title='bbox 2539 2208 2715 2254; x_wconf 81' lang='lat' dir='ltr'>nova</span> <span class='ocrx_word' id='word_1_179' title='bbox 2762 2186 3158 2278; x_wconf 83' lang='lat' dir='ltr'>proposuit,</span> <span class='ocrx_word' id='word_1_180' title='bbox 3229 2209 3432 2276; x_wconf 88' lang='lat' dir='ltr'>quam</span> <span class='ocrx_word' id='word_1_181' title='bbox 3482 2188 3729 2276; x_wconf 89' lang='lat' dir='ltr'>ubique</span> <span class='ocrx_word' id='word_1_182' title='bbox 3782 2190 4091 2256; x_wconf 88' lang='lat' dir='ltr'>omnibus</span> <span class='ocrx_word' id='word_1_183' title='bbox 4144 2190 4389 2271; x_wconf 88' lang='lat' dir='ltr'>omnia,</span> 
     </span>
     <span class='ocr_line' id='line_1_16' title="bbox 728 2304 4398 2399; baseline 0.001 -24"><span class='ocrx_word' id='word_1_184' title='bbox 728 2328 1163 2399; x_wconf 79' lang='lat' dir='ltr'>quaecunque</span> <span class='ocrx_word' id='word_1_185' title='bbox 1235 2304 1425 2396; x_wconf 82' lang='lat' dir='ltr'>justo</span> <span class='ocrx_word' id='word_1_186' title='bbox 1514 2306 1740 2394; x_wconf 90' lang='lat' dir='ltr'>aliquo</span> <span class='ocrx_word' id='word_1_187' title='bbox 1821 2305 2018 2372; x_wconf 89' lang='lat' dir='ltr'>titulo</span> <span class='ocrx_word' id='word_1_188' title='bbox 2092 2304 2426 2395; x_wconf 78' lang='lat' dir='ltr'>postulari</span> <span class='ocrx_word' id='word_1_189' title='bbox 2490 2315 2842 2395; x_wconf 86' lang='lat' dir='ltr'>poterant,</span> <span class='ocrx_word' id='word_1_190' title='bbox 2932 2305 3371 2375; x_wconf 76' lang='lat' dir='ltr'>confirmavit.</span> <span class='ocrx_word' id='word_1_191' title='bbox 3506 2306 3776 2375; x_wconf 77' lang='lat' dir='ltr'>Etenim</span> <span class='ocrx_word' id='word_1_192' title='bbox 3861 2308 4078 2377; x_wconf 83' lang='lat' dir='ltr'>noluit</span> <span class='ocrx_word' id='word_1_193' title='bbox 4139 2310 4398 2377; x_wconf 81' lang='lat' dir='ltr'>irritare</span> 
     </span>
     <span class='ocr_line' id='line_1_17' title="bbox 726 2423 4395 2516; baseline 0 -21"><span class='ocrx_word' id='word_1_194' title='bbox 726 2428 971 2496; x_wconf 82' lang='lat' dir='ltr'>civium</span> <span class='ocrx_word' id='word_1_195' title='bbox 1020 2427 1275 2493; x_wconf 87' lang='lat' dir='ltr'>animos</span> <span class='ocrx_word' id='word_1_196' title='bbox 1329 2426 1519 2493; x_wconf 83' lang='lat' dir='ltr'>novis</span> <span class='ocrx_word' id='word_1_197' title='bbox 1572 2424 1854 2491; x_wconf 85' lang='lat' dir='ltr'>consiliis</span> <span class='ocrx_word' id='word_1_198' title='bbox 1873 2474 1893 2509; x_wconf 90' lang='lat'>,</span> <span class='ocrx_word' id='word_1_199' title='bbox 1945 2426 2065 2492; x_wconf 90' lang='lat' dir='ltr'>sed</span> <span class='ocrx_word' id='word_1_200' title='bbox 2116 2423 2546 2492; x_wconf 84' lang='lat' dir='ltr'>concordiam</span> <span class='ocrx_word' id='word_1_201' title='bbox 2593 2446 2970 2514; x_wconf 87' lang='lat' dir='ltr'>pacemque</span> <span class='ocrx_word' id='word_1_202' title='bbox 3022 2426 3388 2492; x_wconf 83' lang='lat' dir='ltr'>restituere.</span> <span class='ocrx_word' id='word_1_203' title='bbox 3487 2425 3600 2493; x_wconf 83' lang='lat' dir='ltr'>Ex</span> <span class='ocrx_word' id='word_1_204' title='bbox 3645 2450 3780 2516; x_wconf 88' lang='lat' dir='ltr'>quo</span> <span class='ocrx_word' id='word_1_205' title='bbox 3824 2428 4068 2495; x_wconf 84' lang='lat' dir='ltr'>Thorii</span> <span class='ocrx_word' id='word_1_206' title='bbox 4119 2430 4395 2497; x_wconf 84' lang='lat' dir='ltr'>consilio</span> 
     </span>
     <span class='ocr_line' id='line_1_18' title="bbox 716 2543 4392 2641; baseline 0.001 -28"><span class='ocrx_word' id='word_1_207' title='bbox 716 2545 867 2636; x_wconf 83' lang='lat' dir='ltr'>jam</span> <span class='ocrx_word' id='word_1_208' title='bbox 914 2546 1272 2636; x_wconf 81' lang='lat' dir='ltr'>perspicua</span> <span class='ocrx_word' id='word_1_209' title='bbox 1321 2554 1422 2611; x_wconf 85' lang='lat' dir='ltr'>est</span> <span class='ocrx_word' id='word_1_210' title='bbox 1484 2545 1839 2634; x_wconf 80' lang='lat' dir='ltr'>facilisque</span> <span class='ocrx_word' id='word_1_211' title='bbox 1888 2546 2224 2635; x_wconf 81' lang='lat' dir='ltr'>explicatu</span> <span class='ocrx_word' id='word_1_212' title='bbox 2276 2544 2563 2611; x_wconf 79' lang='lat' dir='ltr'>maxima</span> <span class='ocrx_word' id='word_1_213' title='bbox 2622 2544 2743 2610; x_wconf 88' lang='lat' dir='ltr'>illa</span> <span class='ocrx_word' id='word_1_214' title='bbox 2808 2568 2966 2612; x_wconf 89' lang='lat' dir='ltr'>cura</span> <span class='ocrx_word' id='word_1_215' title='bbox 3028 2553 3097 2613; x_wconf 90' lang='lat' dir='ltr'>et</span> <span class='ocrx_word' id='word_1_216' title='bbox 3164 2545 3513 2641; x_wconf 78' lang='lat' dir='ltr'>singularis</span> <span class='ocrx_word' id='word_1_217' title='bbox 3584 2543 3728 2636; x_wconf 83' lang='lat' dir='ltr'>ejus</span> <span class='ocrx_word' id='word_1_218' title='bbox 3787 2547 4141 2641; x_wconf 81' lang='lat' dir='ltr'>diligentia</span> <span class='ocrx_word' id='word_1_219' title='bbox 4160 2598 4179 2635; x_wconf 91' lang='lat'>,</span> <span class='ocrx_word' id='word_1_220' title='bbox 4259 2572 4392 2639; x_wconf 87' lang='lat' dir='ltr'>qua</span> 
     </span>
     <span class='ocr_line' id='line_1_19' title="bbox 622 2663 4391 2756; baseline 0.001 -23"><span class='ocrx_word' id='word_1_221' title='bbox 622 2666 629 2678; x_wconf 88' lang='lat'><em>&#39;</em></span> <span class='ocrx_word' id='word_1_222' title='bbox 722 2687 861 2733; x_wconf 88' lang='lat' dir='ltr'>non</span> <span class='ocrx_word' id='word_1_223' title='bbox 934 2665 1153 2735; x_wconf 77' lang='lat' dir='ltr'>solum</span> <span class='ocrx_word' id='word_1_224' title='bbox 1216 2665 1548 2732; x_wconf 85' lang='lat' dir='ltr'>securitati</span> <span class='ocrx_word' id='word_1_225' title='bbox 1598 2665 2094 2756; x_wconf 83' lang='lat' dir='ltr'>possessionum</span> <span class='ocrx_word' id='word_1_226' title='bbox 2145 2673 2215 2730; x_wconf 89' lang='lat' dir='ltr'>et</span> <span class='ocrx_word' id='word_1_227' title='bbox 2266 2663 2670 2752; x_wconf 82' lang='lat' dir='ltr'>proprietati</span> <span class='ocrx_word' id='word_1_228' title='bbox 2720 2686 3038 2756; x_wconf 81' lang='lat' dir='ltr'>agrorum</span> <span class='ocrx_word' id='word_1_229' title='bbox 3087 2664 3436 2755; x_wconf 83' lang='lat' dir='ltr'>prospexit</span> <span class='ocrx_word' id='word_1_230' title='bbox 3488 2663 3661 2754; x_wconf 78' lang='lat'>4⁸),</span> <span class='ocrx_word' id='word_1_231' title='bbox 3727 2665 3849 2733; x_wconf 87' lang='lat' dir='ltr'>sed</span> <span class='ocrx_word' id='word_1_232' title='bbox 3897 2669 4100 2736; x_wconf 87' lang='lat' dir='ltr'>etiam</span> <span class='ocrx_word' id='word_1_233' title='bbox 4147 2670 4391 2754; x_wconf 81' lang='lat' dir='ltr'>omnia,</span> 
     </span>
     <span class='ocr_line' id='line_1_20' title="bbox 726 2781 2755 2875; baseline -0.001 -24"><span class='ocrx_word' id='word_1_234' title='bbox 726 2806 900 2875; x_wconf 85' lang='lat' dir='ltr'>quae</span> <span class='ocrx_word' id='word_1_235' title='bbox 948 2782 1039 2849; x_wconf 85' lang='lat' dir='ltr'>ad</span> <span class='ocrx_word' id='word_1_236' title='bbox 1081 2781 1342 2873; x_wconf 83' lang='lat' dir='ltr'>judicia</span> <span class='ocrx_word' id='word_1_237' title='bbox 1389 2785 1650 2875; x_wconf 79' lang='lat' dir='ltr'>agraria</span> <span class='ocrx_word' id='word_1_238' title='bbox 1701 2784 2161 2874; x_wconf 83' lang='lat' dir='ltr'>pertinebant,</span> <span class='ocrx_word' id='word_1_239' title='bbox 2216 2782 2547 2850; x_wconf 83' lang='lat' dir='ltr'>ordinavit</span> <span class='ocrx_word' id='word_1_240' title='bbox 2601 2782 2755 2870; x_wconf 81' lang='lat'>49).</span> 
     </span>
    </p>

    <p class='ocr_par' dir='ltr' id='par_1_5' title="bbox 720 2900 4391 3235">
     <span class='ocr_line' id='line_1_21' title="bbox 926 2900 4391 2993; baseline 0.001 -24"><span class='ocrx_word' id='word_1_241' title='bbox 926 2905 1123 2988; x_wconf 79' lang='lat' dir='ltr'>Quae</span> <span class='ocrx_word' id='word_1_242' title='bbox 1184 2905 1239 2970; x_wconf 87' lang='lat' dir='ltr'>si</span> <span class='ocrx_word' id='word_1_243' title='bbox 1302 2913 1538 2970; x_wconf 82' lang='lat' dir='ltr'>cuncta</span> <span class='ocrx_word' id='word_1_244' title='bbox 1601 2912 1996 2991; x_wconf 83' lang='lat' dir='ltr'>reputantur</span> <span class='ocrx_word' id='word_1_245' title='bbox 2014 2952 2033 2986; x_wconf 94' lang='lat'>‚</span> <span class='ocrx_word' id='word_1_246' title='bbox 2110 2902 2257 2989; x_wconf 89' lang='lat' dir='ltr'>quis</span> <span class='ocrx_word' id='word_1_247' title='bbox 2326 2924 2464 2969; x_wconf 89' lang='lat' dir='ltr'>non</span> <span class='ocrx_word' id='word_1_248' title='bbox 2527 2901 2883 2991; x_wconf 76' lang='lat' dir='ltr'>intelligit,</span> <span class='ocrx_word' id='word_1_249' title='bbox 2961 2900 3086 2989; x_wconf 84' lang='lat' dir='ltr'>Sp.</span> <span class='ocrx_word' id='word_1_250' title='bbox 3138 2901 3475 2970; x_wconf 77' lang='lat' dir='ltr'>Thorium</span> <span class='ocrx_word' id='word_1_251' title='bbox 3538 2902 3843 2973; x_wconf 82' lang='lat' dir='ltr'>omnibus</span> <span class='ocrx_word' id='word_1_252' title='bbox 3903 2904 4207 2993; x_wconf 86' lang='lat' dir='ltr'>partibus</span> <span class='ocrx_word' id='word_1_253' title='bbox 4271 2927 4391 2973; x_wconf 84' lang='lat' dir='ltr'>sua</span> 
     </span>
     <span class='ocr_line' id='line_1_22' title="bbox 720 3018 4389 3115; baseline 0.001 -26"><span class='ocrx_word' id='word_1_254' title='bbox 720 3024 881 3113; x_wconf 77' lang='lat' dir='ltr'>lege</span> <span class='ocrx_word' id='word_1_255' title='bbox 930 3019 1307 3089; x_wconf 78' lang='lat' dir='ltr'>satisfacere</span> <span class='ocrx_word' id='word_1_256' title='bbox 1353 3019 1694 3088; x_wconf 81' lang='lat' dir='ltr'>voluisse?</span> <span class='ocrx_word' id='word_1_257' title='bbox 1750 3042 1906 3087; x_wconf 86' lang='lat' dir='ltr'>nam</span> <span class='ocrx_word' id='word_1_258' title='bbox 1956 3042 2132 3108; x_wconf 86' lang='lat' dir='ltr'>quae</span> <span class='ocrx_word' id='word_1_259' title='bbox 2181 3019 2402 3110; x_wconf 89' lang='lat' dir='ltr'>primo</span> <span class='ocrx_word' id='word_1_260' title='bbox 2453 3018 2610 3087; x_wconf 88' lang='lat' dir='ltr'>loco</span> <span class='ocrx_word' id='word_1_261' title='bbox 2657 3019 3200 3104; x_wconf 82' lang='lat' dir='ltr'>commemoravi,</span> <span class='ocrx_word' id='word_1_262' title='bbox 3253 3041 3334 3085; x_wconf 85' lang='lat' dir='ltr'>ea</span> <span class='ocrx_word' id='word_1_263' title='bbox 3387 3018 3723 3088; x_wconf 84' lang='lat' dir='ltr'>nobilibus</span> <span class='ocrx_word' id='word_1_264' title='bbox 3776 3031 3846 3089; x_wconf 86' lang='lat' dir='ltr'>et</span> <span class='ocrx_word' id='word_1_265' title='bbox 3897 3022 4208 3091; x_wconf 79' lang='lat' dir='ltr'>divitibus</span> <span class='ocrx_word' id='word_1_266' title='bbox 4244 3025 4389 3115; x_wconf 81' lang='lat' dir='ltr'>agri</span> 
     </span>
     <span class='ocr_line' id='line_1_23' title="bbox 722 3138 4388 3235; baseline 0 -26"><span class='ocrx_word' id='word_1_267' title='bbox 722 3141 976 3235; x_wconf 82' lang='lat' dir='ltr'>publici</span> <span class='ocrx_word' id='word_1_268' title='bbox 1039 3141 1536 3232; x_wconf 85' lang='lat' dir='ltr'>possessoribus</span> <span class='ocrx_word' id='word_1_269' title='bbox 1591 3149 1787 3231; x_wconf 83' lang='lat' dir='ltr'>grata</span> <span class='ocrx_word' id='word_1_270' title='bbox 1836 3150 1905 3206; x_wconf 84' lang='lat' dir='ltr'>et</span> <span class='ocrx_word' id='word_1_271' title='bbox 1955 3151 2236 3229; x_wconf 84' lang='lat' dir='ltr'>accepta</span> <span class='ocrx_word' id='word_1_272' title='bbox 2295 3149 2517 3208; x_wconf 84' lang='lat' dir='ltr'>essent</span> <span class='ocrx_word' id='word_1_273' title='bbox 2566 3160 2835 3208; x_wconf 76' lang='lat' dir='ltr'>necesse</span> <span class='ocrx_word' id='word_1_274' title='bbox 2898 3138 3049 3230; x_wconf 63' lang='lat' dir='ltr'>fuit.</span> <span class='ocrx_word' id='word_1_275' title='bbox 3152 3138 3469 3206; x_wconf 86' lang='lat' dir='ltr'>Secundo</span> <span class='ocrx_word' id='word_1_276' title='bbox 3534 3161 3695 3206; x_wconf 85' lang='lat' dir='ltr'>vero</span> <span class='ocrx_word' id='word_1_277' title='bbox 3764 3140 3918 3208; x_wconf 90' lang='lat' dir='ltr'>loco</span> <span class='ocrx_word' id='word_1_278' title='bbox 3987 3164 4164 3231; x_wconf 87' lang='lat' dir='ltr'>quae</span> <span class='ocrx_word' id='word_1_279' title='bbox 4228 3143 4388 3230; x_wconf 80' lang='lat' dir='ltr'>dixi,</span> 
     </span>
    </p>
   </div>
   <div class='ocr_carea' id='block_1_3' title="bbox 758 3283 1139 3296">
    <p class='ocr_par' dir='ltr' id='par_1_6' title="bbox 758 3283 1139 3296">
     <span class='ocr_line' id='line_1_24' title="bbox 758 3283 1139 3296; baseline 0 2744"><span class='ocrx_word' id='word_1_280' title='bbox 758 3283 1139 3296; x_wconf 95' lang='lat' dir='ltr'> </span> 
     </span>
    </p>
   </div>
   <div class='ocr_carea' id='block_1_4' title="bbox 763 3313 4404 3667">
    <p class='ocr_par' dir='ltr' id='par_1_7' title="bbox 763 3313 4094 3409">
     <span class='ocr_line' id='line_1_25' title="bbox 763 3313 4094 3409; baseline -0.002 -15"><span class='ocrx_word' id='word_1_281' title='bbox 763 3342 852 3409; x_wconf 68' lang='grc' dir='ltr'>Η)</span> <span class='ocrx_word' id='word_1_282' title='bbox 894 3342 1011 3394; x_wconf 84' lang='lat' dir='ltr'>Liu.</span> <span class='ocrx_word' id='word_1_283' title='bbox 1051 3344 1146 3393; x_wconf 82' lang='lat'>14:</span> <span class='ocrx_word' id='word_1_284' title='bbox 1180 3368 1249 3378; x_wconf 94' lang='lat'>—</span> <span class='ocrx_word' id='word_1_285' title='bbox 1286 3313 1346 3378; x_wconf 47' lang='lat'>-·-</span> <span class='ocrx_word' id='word_1_286' title='bbox 1384 3340 1435 3391; x_wconf 88' lang='lat' dir='ltr'>in</span> <span class='ocrx_word' id='word_1_287' title='bbox 1471 3354 1586 3391; x_wconf 89' lang='lat' dir='ltr'>eum</span> <span class='ocrx_word' id='word_1_288' title='bbox 1621 3353 1800 3402; x_wconf 85' lang='lat' dir='ltr'>agrum</span> <span class='ocrx_word' id='word_1_289' title='bbox 1837 3338 1949 3402; x_wconf 86' lang='lat' dir='ltr'>agri</span> <span class='ocrx_word' id='word_1_290' title='bbox 1978 3337 2168 3403; x_wconf 81' lang='lat' dir='ltr'>jugera</span> <span class='ocrx_word' id='word_1_291' title='bbox 2203 3354 2304 3389; x_wconf 88' lang='lat' dir='ltr'>non</span> <span class='ocrx_word' id='word_1_292' title='bbox 2340 3338 2557 3405; x_wconf 86' lang='lat' dir='ltr'>amplius</span> <span class='ocrx_word' id='word_1_293' title='bbox 2593 3335 2749 3388; x_wconf 87' lang='lat' dir='ltr'>XXX</span> <span class='ocrx_word' id='word_1_294' title='bbox 2784 3336 3070 3404; x_wconf 84' lang='lat' dir='ltr'>possidebit</span> <span class='ocrx_word' id='word_1_295' title='bbox 3103 3334 3406 3398; x_wconf 80' lang='lat' dir='ltr'>habebitve‚</span> <span class='ocrx_word' id='word_1_296' title='bbox 3455 3336 3500 3387; x_wconf 88' lang='lat' dir='ltr'>is</span> <span class='ocrx_word' id='word_1_297' title='bbox 3534 3351 3661 3402; x_wconf 79' lang='lat' dir='ltr'>ager</span> <span class='ocrx_word' id='word_1_298' title='bbox 3697 3338 3924 3405; x_wconf 81' lang='lat' dir='ltr'>privatus</span> <span class='ocrx_word' id='word_1_299' title='bbox 3959 3346 4094 3395; x_wconf 86' lang='lat' dir='ltr'>esto.</span> 
     </span>
    </p>

    <p class='ocr_par' dir='ltr' id='par_1_8' title="bbox 764 3420 4404 3667">
     <span class='ocr_line' id='line_1_26' title="bbox 764 3420 4391 3493; baseline -0.001 -14"><span class='ocrx_word' id='word_1_300' title='bbox 764 3426 852 3493; x_wconf 74' lang='lat'>⁴⁵)</span> <span class='ocrx_word' id='word_1_301' title='bbox 888 3427 1004 3480; x_wconf 87' lang='lat' dir='ltr'>Lin.</span> <span class='ocrx_word' id='word_1_302' title='bbox 1042 3429 1134 3490; x_wconf 83' lang='lat'>14,</span> <span class='ocrx_word' id='word_1_303' title='bbox 1180 3423 1422 3477; x_wconf 83' lang='lat' dir='ltr'>Rudorff.</span> <span class='ocrx_word' id='word_1_304' title='bbox 1461 3442 1510 3492; x_wconf 89' lang='lat' dir='ltr'>p.</span> <span class='ocrx_word' id='word_1_305' title='bbox 1549 3425 1673 3474; x_wconf 72' lang='lat'>1492</span> <span class='ocrx_word' id='word_1_306' title='bbox 1725 3422 1859 3476; x_wconf 77' lang='lat' dir='ltr'>Quei</span> <span class='ocrx_word' id='word_1_307' title='bbox 1894 3423 1945 3474; x_wconf 88' lang='lat' dir='ltr'>in</span> <span class='ocrx_word' id='word_1_308' title='bbox 1996 3438 2176 3486; x_wconf 83' lang='lat' dir='ltr'>agrum</span> <span class='ocrx_word' id='word_1_309' title='bbox 2213 3439 2576 3490; x_wconf 82' lang='lat' dir='ltr'>compascuum</span> <span class='ocrx_word' id='word_1_310' title='bbox 2610 3421 2841 3490; x_wconf 90' lang='lat' dir='ltr'>pequdes</span> <span class='ocrx_word' id='word_1_311' title='bbox 2882 3423 3101 3478; x_wconf 74' lang='lat' dir='ltr'>mulotes</span> <span class='ocrx_word' id='word_1_312' title='bbox 3148 3436 3249 3474; x_wconf 87' lang='lat' dir='ltr'>non</span> <span class='ocrx_word' id='word_1_313' title='bbox 3297 3420 3412 3488; x_wconf 90' lang='lat' dir='ltr'>plus</span> <span class='ocrx_word' id='word_1_314' title='bbox 3447 3420 3499 3472; x_wconf 90' lang='lat' dir='ltr'><strong>X</strong></span> <span class='ocrx_word' id='word_1_315' title='bbox 3542 3423 3708 3489; x_wconf 86' lang='lat' dir='ltr'>pastei</span> <span class='ocrx_word' id='word_1_316' title='bbox 3742 3423 4019 3492; x_wconf 69' lang='lat' dir='ltr'>(pascet‘Z)</span> <span class='ocrx_word' id='word_1_317' title='bbox 4073 3425 4191 3491; x_wconf 85' lang='lat' dir='ltr'>quai</span> <span class='ocrx_word' id='word_1_318' title='bbox 4221 3452 4291 3464; x_wconf 89' lang='lat'>—</span> <span class='ocrx_word' id='word_1_319' title='bbox 4324 3453 4391 3465; x_wconf 93' lang='lat'><em>-</em></span> 
     </span>
     <span class='ocr_line' id='line_1_27' title="bbox 895 3505 4404 3579; baseline -0 -15"><span class='ocrx_word' id='word_1_320' title='bbox 895 3512 942 3564; x_wconf 84' lang='lat' dir='ltr'>L</span> <span class='ocrx_word' id='word_1_321' title='bbox 977 3517 1158 3579; x_wconf 68' lang='lat' dir='ltr'>pascet</span> <span class='ocrx_word' id='word_1_322' title='bbox 1190 3523 1424 3576; x_wconf 82' lang='lat' dir='ltr'>quaeque</span> <span class='ocrx_word' id='word_1_323' title='bbox 1460 3521 1529 3561; x_wconf 77' lang='lat' dir='ltr'>ex</span> <span class='ocrx_word' id='word_1_324' title='bbox 1562 3509 1636 3561; x_wconf 87' lang='lat' dir='ltr'>eis</span> <span class='ocrx_word' id='word_1_325' title='bbox 1671 3508 1835 3562; x_wconf 80' lang='lat' dir='ltr'>minus</span> <span class='ocrx_word' id='word_1_326' title='bbox 1870 3521 2055 3562; x_wconf 77' lang='lat' dir='ltr'>aunum</span> <span class='ocrx_word' id='word_1_327' title='bbox 2092 3513 2278 3573; x_wconf 75' lang='lat' dir='ltr'>gnatae</span> <span class='ocrx_word' id='word_1_328' title='bbox 2312 3516 2482 3560; x_wconf 82' lang='lat' dir='ltr'>erunt-</span> <span class='ocrx_word' id='word_1_329' title='bbox 2513 3515 2633 3576; x_wconf 88' lang='lat' dir='ltr'>post</span> <span class='ocrx_word' id='word_1_330' title='bbox 2678 3523 2740 3560; x_wconf 87' lang='lat' dir='ltr'>ea</span> <span class='ocrx_word' id='word_1_331' title='bbox 2775 3522 2928 3572; x_wconf 81' lang='lat' dir='ltr'>qnam</span> <span class='ocrx_word' id='word_1_332' title='bbox 2961 3531 3032 3552; x_wconf 75' lang='grc' dir='ltr'>ι·-</span> <span class='ocrx_word' id='word_1_333' title='bbox 3063 3534 3134 3546; x_wconf 92' lang='grc'><strong>-</strong></span> <span class='ocrx_word' id='word_1_334' title='bbox 3167 3505 3237 3547; x_wconf 86' lang='grc'>-’-</span> <span class='ocrx_word' id='word_1_335' title='bbox 3271 3507 3430 3569; x_wconf 82' lang='lat' dir='ltr'>dato,</span> <span class='ocrx_word' id='word_1_336' title='bbox 3482 3507 3634 3560; x_wconf 79' lang='lat' dir='ltr'>neive</span> <span class='ocrx_word' id='word_1_337' title='bbox 3666 3509 3870 3562; x_wconf 79' lang='lat' dir='ltr'>solvito.</span> <span class='ocrx_word' id='word_1_338' title='bbox 3921 3512 4006 3563; x_wconf 80' lang='lat' dir='ltr'>lin.</span> <span class='ocrx_word' id='word_1_339' title='bbox 4039 3515 4110 3562; x_wconf 72' lang='lat'>26</span> <span class='ocrx_word' id='word_1_340' title='bbox 4144 3510 4404 3565; x_wconf 73' lang='lat' dir='ltr'>Rudorff.</span> 
     </span>
     <span class='ocr_line' id='line_1_28' title="bbox 899 3592 4389 3667; baseline -0.001 -16"><span class='ocrx_word' id='word_1_341' title='bbox 899 3614 944 3651; x_wconf 89' lang='lat' dir='ltr'>c.</span> <span class='ocrx_word' id='word_1_342' title='bbox 981 3599 1013 3650; x_wconf 86' lang='grc' dir='ltr'>Ι.</span> <span class='ocrx_word' id='word_1_343' title='bbox 1052 3614 1101 3665; x_wconf 90' lang='lat' dir='ltr'>p.</span> <span class='ocrx_word' id='word_1_344' title='bbox 1144 3602 1268 3648; x_wconf 72' lang='lat'>1572</span> <span class='ocrx_word' id='word_1_345' title='bbox 1310 3610 1552 3648; x_wconf 86' lang='lat' dir='ltr'>numerus</span> <span class='ocrx_word' id='word_1_346' title='bbox 1586 3593 1839 3661; x_wconf 87' lang='lat' dir='ltr'>pecudum</span> <span class='ocrx_word' id='word_1_347' title='bbox 1873 3593 1924 3644; x_wconf 81' lang='lat' dir='ltr'>in</span> <span class='ocrx_word' id='word_1_348' title='bbox 1960 3592 2008 3646; x_wconf 85' lang='lat' dir='ltr'>h.</span> <span class='ocrx_word' id='word_1_349' title='bbox 2042 3594 2077 3645; x_wconf 90' lang='lat' dir='ltr'>l.</span> <span class='ocrx_word' id='word_1_350' title='bbox 2112 3596 2334 3662; x_wconf 84' lang='lat' dir='ltr'>scriptus</span> <span class='ocrx_word' id='word_1_351' title='bbox 2372 3599 2487 3657; x_wconf 85' lang='lat' dir='ltr'>est,</span> <span class='ocrx_word' id='word_1_352' title='bbox 2523 3595 2709 3657; x_wconf 85' lang='lat' dir='ltr'>liceto,</span> <span class='ocrx_word' id='word_1_353' title='bbox 2743 3594 2891 3645; x_wconf 83' lang='lat' dir='ltr'>neive</span> <span class='ocrx_word' id='word_1_354' title='bbox 2926 3592 3048 3659; x_wconf 88' lang='lat' dir='ltr'>quid</span> <span class='ocrx_word' id='word_1_355' title='bbox 3082 3593 3204 3659; x_wconf 91' lang='lat' dir='ltr'>quoi</span> <span class='ocrx_word' id='word_1_356' title='bbox 3237 3592 3305 3645; x_wconf 89' lang='lat' dir='ltr'>ob</span> <span class='ocrx_word' id='word_1_357' title='bbox 3341 3608 3455 3645; x_wconf 86' lang='lat' dir='ltr'>eam</span> <span class='ocrx_word' id='word_1_358' title='bbox 3490 3608 3600 3646; x_wconf 88' lang='lat' dir='ltr'>rem</span> <span class='ocrx_word' id='word_1_359' title='bbox 3634 3595 3852 3661; x_wconf 79' lang='lat' dir='ltr'>vectigal</span> <span class='ocrx_word' id='word_1_360' title='bbox 3891 3597 4041 3649; x_wconf 83' lang='lat' dir='ltr'>neive</span> <span class='ocrx_word' id='word_1_361' title='bbox 4075 3596 4389 3667; x_wconf 78' lang='lat' dir='ltr'>scripturam</span> 
     </span>
    </p>
   </div>
   <div class='ocr_carea' id='block_1_5' title="bbox 740 3679 4387 3835">
    <p class='ocr_par' dir='ltr' id='par_1_9' title="bbox 740 3679 4387 3835">
     <span class='ocr_line' id='line_1_29' title="bbox 893 3679 1264 3734; baseline 0.003 -2"><span class='ocrx_word' id='word_1_362' title='bbox 893 3679 930 3732; x_wconf 87' lang='lat' dir='ltr'>d</span> <span class='ocrx_word' id='word_1_363' title='bbox 964 3699 993 3732; x_wconf 82' lang='lat' dir='ltr'>r</span> <span class='ocrx_word' id='word_1_364' title='bbox 1217 3699 1264 3734; x_wconf 92' lang='lat' dir='ltr'>o.</span> 
     </span>
     <span class='ocr_line' id='line_1_30' title="bbox 740 3683 4387 3835; baseline 0.001 -18"><span class='ocrx_word' id='word_1_365' title='bbox 740 3765 853 3832; x_wconf 59' lang='lat'><strong>“⁴⁹⁶)</strong></span> <span class='ocrx_word' id='word_1_366' title='bbox 889 3699 1023 3820; x_wconf 52' lang='lat' dir='ltr'>L‘iln.e</span> <span class='ocrx_word' id='word_1_367' title='bbox 1042 3683 1325 3828; x_wconf 48' lang='lat' dir='ltr'>lasz-itm,</span> <span class='ocrx_word' id='word_1_368' title='bbox 1360 3764 1599 3817; x_wconf 81' lang='lat' dir='ltr'>Rudorff.</span> <span class='ocrx_word' id='word_1_369' title='bbox 1640 3779 1685 3816; x_wconf 93' lang='lat' dir='ltr'>c.</span> <span class='ocrx_word' id='word_1_370' title='bbox 1722 3764 1753 3814; x_wconf 82' lang='lat'>1.</span> <span class='ocrx_word' id='word_1_371' title='bbox 1789 3780 1838 3831; x_wconf 88' lang='lat' dir='ltr'>p.</span> <span class='ocrx_word' id='word_1_372' title='bbox 1870 3759 1981 3815; x_wconf 69' lang='lat'>152</span> <span class='ocrx_word' id='word_1_373' title='bbox 2015 3769 2069 3816; x_wconf 87' lang='lat' dir='ltr'>ct</span> <span class='ocrx_word' id='word_1_374' title='bbox 2104 3766 2233 3814; x_wconf 73' lang='lat'>153:</span> <span class='ocrx_word' id='word_1_375' title='bbox 2272 3777 2401 3815; x_wconf 80' lang='lat' dir='ltr'>exve</span> <span class='ocrx_word' id='word_1_376' title='bbox 2438 3763 2486 3814; x_wconf 85' lang='grc' dir='ltr'>Ιι.</span> <span class='ocrx_word' id='word_1_377' title='bbox 2525 3766 2558 3815; x_wconf 86' lang='lat'>1.</span> <span class='ocrx_word' id='word_1_378' title='bbox 2593 3763 2846 3831; x_wconf 83' lang='lat' dir='ltr'>privatum</span> <span class='ocrx_word' id='word_1_379' title='bbox 2881 3763 3074 3816; x_wconf 69' lang='lat' dir='ltr'>factum</span> <span class='ocrx_word' id='word_1_380' title='bbox 3111 3770 3219 3826; x_wconf 85' lang='lat' dir='ltr'>est,</span> <span class='ocrx_word' id='word_1_381' title='bbox 3255 3763 3365 3832; x_wconf 89' lang='lat' dir='ltr'>pro&#39;</span> <span class='ocrx_word' id='word_1_382' title='bbox 3386 3743 3451 3816; x_wconf 82' lang='lat' dir='ltr'>eo</span> <span class='ocrx_word' id='word_1_383' title='bbox 3486 3773 3647 3831; x_wconf 80' lang='lat' dir='ltr'>agro,</span> <span class='ocrx_word' id='word_1_384' title='bbox 3698 3767 3844 3828; x_wconf 90' lang='lat' dir='ltr'>loco,</span> <span class='ocrx_word' id='word_1_385' title='bbox 3890 3765 4154 3831; x_wconf 82' lang='lat' dir='ltr'>aedificio,</span> <span class='ocrx_word' id='word_1_386' title='bbox 4190 3782 4387 3835; x_wconf 88' lang='lat' dir='ltr'>proque</span> 
     </span>
    </p>
   </div>
   <div class='ocr_carea' id='block_1_6' title="bbox 766 3845 4391 5118">
    <p class='ocr_par' dir='ltr' id='par_1_10' title="bbox 888 3845 4391 4164">
     <span class='ocr_line' id='line_1_31' title="bbox 888 3845 4388 3921; baseline 0 -15"><span class='ocrx_word' id='word_1_387' title='bbox 888 3854 1145 3920; x_wconf 84' lang='lat' dir='ltr'>scriptura</span> <span class='ocrx_word' id='word_1_388' title='bbox 1178 3854 1413 3921; x_wconf 82' lang='lat' dir='ltr'>pecoris,</span> <span class='ocrx_word' id='word_1_389' title='bbox 1460 3849 1599 3917; x_wconf 85' lang='lat' dir='ltr'>quod</span> <span class='ocrx_word' id='word_1_390' title='bbox 1632 3850 1683 3901; x_wconf 90' lang='lat' dir='ltr'>in</span> <span class='ocrx_word' id='word_1_391' title='bbox 1716 3865 1782 3900; x_wconf 88' lang='lat' dir='ltr'>eo</span> <span class='ocrx_word' id='word_1_392' title='bbox 1817 3865 1945 3916; x_wconf 80' lang='lat' dir='ltr'>agro</span> <span class='ocrx_word' id='word_1_393' title='bbox 1980 3850 2229 3916; x_wconf 78' lang='lat' dir='ltr'>pascitur,</span> <span class='ocrx_word' id='word_1_394' title='bbox 2282 3857 2551 3917; x_wconf 78' lang='lat' dir='ltr'>postquam</span> <span class='ocrx_word' id='word_1_395' title='bbox 2588 3850 2860 3915; x_wconf 79' lang='lat' dir='ltr'>vectigalia</span> <span class='ocrx_word' id='word_1_396' title='bbox 2908 3845 3259 3912; x_wconf 78' lang='lat' dir='ltr'>obustiterint,</span> <span class='ocrx_word' id='word_1_397' title='bbox 3312 3865 3446 3917; x_wconf 81' lang='lat' dir='ltr'>quae</span> <span class='ocrx_word' id='word_1_398' title='bbox 3480 3856 3601 3919; x_wconf 88' lang='lat' dir='ltr'>post</span> <span class='ocrx_word' id='word_1_399' title='bbox 3643 3849 3692 3903; x_wconf 80' lang='lat' dir='ltr'>h.</span> <span class='ocrx_word' id='word_1_400' title='bbox 3728 3852 3763 3903; x_wconf 89' lang='lat' dir='ltr'>l.</span> <span class='ocrx_word' id='word_1_401' title='bbox 3802 3881 3871 3891; x_wconf 94' lang='lat'>—</span> <span class='ocrx_word' id='word_1_402' title='bbox 3904 3879 3973 3890; x_wconf 90' lang='lat'>--</span> <span class='ocrx_word' id='word_1_403' title='bbox 4009 3878 4073 3893; x_wconf 89' lang='lat'><em>—</em></span> <span class='ocrx_word' id='word_1_404' title='bbox 4116 3852 4388 3920; x_wconf 83' lang='lat' dir='ltr'>publicano</span> 
     </span>
     <span class='ocr_line' id='line_1_32' title="bbox 892 3935 4387 4007; baseline 0.001 -18"><span class='ocrx_word' id='word_1_405' title='bbox 892 3939 1108 4007; x_wconf 87' lang='lat' dir='ltr'>pequnia</span> <span class='ocrx_word' id='word_1_406' title='bbox 1147 3937 1505 4006; x_wconf 59' lang='lat' dir='ltr'>(pecuniam‘i)</span> <span class='ocrx_word' id='word_1_407' title='bbox 1540 3936 1879 4003; x_wconf 85' lang='lat' dir='ltr'>scripturam,</span> <span class='ocrx_word' id='word_1_408' title='bbox 1916 3936 2201 4000; x_wconf 80' lang='lat' dir='ltr'>vectigalve</span> <span class='ocrx_word' id='word_1_409' title='bbox 2240 3935 2357 3998; x_wconf 89' lang='lat' dir='ltr'>det,</span> <span class='ocrx_word' id='word_1_410' title='bbox 2411 3935 2601 3988; x_wconf 83' lang='lat' dir='ltr'>dareve</span> <span class='ocrx_word' id='word_1_411' title='bbox 2636 3936 2854 3998; x_wconf 85' lang='lat' dir='ltr'>debeat,</span> <span class='ocrx_word' id='word_1_412' title='bbox 2903 3935 3049 3987; x_wconf 79' lang='lat' dir='ltr'>neive</span> <span class='ocrx_word' id='word_1_413' title='bbox 3089 3937 3200 4001; x_wconf 85' lang='lat' dir='ltr'>quis</span> <span class='ocrx_word' id='word_1_414' title='bbox 3241 3964 3302 3974; x_wconf 92' lang='lat'><strong>—</strong></span> <span class='ocrx_word' id='word_1_415' title='bbox 3337 3963 3406 3972; x_wconf 96' lang='lat'>—</span> <span class='ocrx_word' id='word_1_416' title='bbox 3441 3952 3610 4001; x_wconf 85' lang='lat' dir='ltr'>quove</span> <span class='ocrx_word' id='word_1_417' title='bbox 3643 3936 3762 4002; x_wconf 90' lang='lat' dir='ltr'>quid</span> <span class='ocrx_word' id='word_1_418' title='bbox 3799 3938 3868 3989; x_wconf 92' lang='lat' dir='ltr'>ob</span> <span class='ocrx_word' id='word_1_419' title='bbox 3904 3953 4017 3989; x_wconf 85' lang='lat' dir='ltr'>eam</span> <span class='ocrx_word' id='word_1_420' title='bbox 4052 3953 4159 3997; x_wconf 85' lang='lat' dir='ltr'>rem</span> <span class='ocrx_word' id='word_1_421' title='bbox 4194 3940 4387 4006; x_wconf 87' lang='lat' dir='ltr'>populo</span> 
     </span>
     <span class='ocr_line' id='line_1_33' title="bbox 893 4020 4391 4094; baseline 0.001 -18"><span class='ocrx_word' id='word_1_422' title='bbox 893 4030 985 4076; x_wconf 81' lang='lat' dir='ltr'>aut</span> <span class='ocrx_word' id='word_1_423' title='bbox 1032 4023 1302 4090; x_wconf 85' lang='lat' dir='ltr'>publicano</span> <span class='ocrx_word' id='word_1_424' title='bbox 1340 4022 1489 4074; x_wconf 87' lang='lat' dir='ltr'>detur</span> <span class='ocrx_word' id='word_1_425' title='bbox 1536 4021 1896 4086; x_wconf 76' lang='lat' dir='ltr'>exsigaturve‚</span> <span class='ocrx_word' id='word_1_426' title='bbox 1948 4020 2098 4073; x_wconf 77' lang='lat' dir='ltr'>neive</span> <span class='ocrx_word' id='word_1_427' title='bbox 2146 4022 2258 4086; x_wconf 86' lang='lat' dir='ltr'>quis</span> <span class='ocrx_word' id='word_1_428' title='bbox 2294 4020 2444 4086; x_wconf 87' lang='lat' dir='ltr'>quid,</span> <span class='ocrx_word' id='word_1_429' title='bbox 2503 4027 2836 4089; x_wconf 86' lang='lat' dir='ltr'>posteaquam</span> <span class='ocrx_word' id='word_1_430' title='bbox 2883 4022 3157 4088; x_wconf 77' lang='lat' dir='ltr'>vectigalia</span> <span class='ocrx_word' id='word_1_431' title='bbox 3191 4021 3501 4084; x_wconf 86' lang='lat' dir='ltr'>consistent,</span> <span class='ocrx_word' id='word_1_432' title='bbox 3548 4037 3680 4088; x_wconf 86' lang='lat' dir='ltr'>quae</span> <span class='ocrx_word' id='word_1_433' title='bbox 3718 4029 3838 4089; x_wconf 88' lang='lat' dir='ltr'>post</span> <span class='ocrx_word' id='word_1_434' title='bbox 3872 4022 3919 4076; x_wconf 81' lang='lat' dir='ltr'>h.</span> <span class='ocrx_word' id='word_1_435' title='bbox 3958 4023 3990 4075; x_wconf 89' lang='grc'>1.</span> <span class='ocrx_word' id='word_1_436' title='bbox 4026 4039 4138 4090; x_wconf 84' lang='lat' dir='ltr'>rog.</span> <span class='ocrx_word' id='word_1_437' title='bbox 4173 4027 4391 4094; x_wconf 82' lang='lat' dir='ltr'>primum</span> 
     </span>
     <span class='ocr_line' id='line_1_34' title="bbox 898 4108 1518 4164; baseline -0.006 0"><span class='ocrx_word' id='word_1_438' title='bbox 898 4108 1322 4164; x_wconf 60' lang='lat' dir='ltr'>constiterint-</span> <span class='ocrx_word' id='word_1_439' title='bbox 1355 4135 1424 4147; x_wconf 89' lang='lat'><em>-</em></span> <span class='ocrx_word' id='word_1_440' title='bbox 1459 4134 1518 4145; x_wconf 91' lang='lat'>—</span> 
     </span>
    </p>

    <p class='ocr_par' dir='ltr' id='par_1_11' title="bbox 770 4189 4389 4773">
     <span class='ocr_line' id='line_1_35' title="bbox 770 4189 4388 4262; baseline 0.001 -15"><span class='ocrx_word' id='word_1_441' title='bbox 770 4195 856 4261; x_wconf 70' lang='lat'>⁴⁷)</span> <span class='ocrx_word' id='word_1_442' title='bbox 892 4195 1011 4247; x_wconf 88' lang='lat' dir='ltr'>Lin.</span> <span class='ocrx_word' id='word_1_443' title='bbox 1045 4195 1277 4245; x_wconf 76' lang='lat'>21—24</span> <span class='ocrx_word' id='word_1_444' title='bbox 1311 4199 1365 4244; x_wconf 89' lang='lat' dir='ltr'>et</span> <span class='ocrx_word' id='word_1_445' title='bbox 1398 4193 1482 4245; x_wconf 87' lang='lat' dir='ltr'>lin.</span> <span class='ocrx_word' id='word_1_446' title='bbox 1518 4196 1620 4255; x_wconf 75' lang='lat'>28,</span> <span class='ocrx_word' id='word_1_447' title='bbox 1662 4189 1902 4243; x_wconf 80' lang='lat' dir='ltr'>Rudorff.</span> <span class='ocrx_word' id='word_1_448' title='bbox 1939 4205 1985 4243; x_wconf 87' lang='lat' dir='ltr'>c.</span> <span class='ocrx_word' id='word_1_449' title='bbox 2022 4191 2054 4243; x_wconf 91' lang='grc' dir='ltr'>Ι.</span> <span class='ocrx_word' id='word_1_450' title='bbox 2092 4206 2143 4257; x_wconf 90' lang='lat' dir='ltr'>p.</span> <span class='ocrx_word' id='word_1_451' title='bbox 2184 4192 2511 4254; x_wconf 66' lang='lat' dir='ltr'>lea—155,</span> <span class='ocrx_word' id='word_1_452' title='bbox 2560 4210 2611 4260; x_wconf 90' lang='lat' dir='ltr'>p.</span> <span class='ocrx_word' id='word_1_453' title='bbox 2652 4196 2783 4253; x_wconf 73' lang='lat'>15⁴1,</span> <span class='ocrx_word' id='word_1_454' title='bbox 2822 4197 2876 4244; x_wconf 87' lang='lat' dir='ltr'>et</span> <span class='ocrx_word' id='word_1_455' title='bbox 2910 4208 2958 4258; x_wconf 90' lang='lat' dir='ltr'>p.</span> <span class='ocrx_word' id='word_1_456' title='bbox 2996 4195 3241 4244; x_wconf 75' lang='grc'>69-71.</span> <span class='ocrx_word' id='word_1_457' title='bbox 3313 4191 3396 4243; x_wconf 82' lang='lat' dir='ltr'>Ad</span> <span class='ocrx_word' id='word_1_458' title='bbox 3449 4194 3765 4247; x_wconf 85' lang='lat' dir='ltr'>coloniarum</span> <span class='ocrx_word' id='word_1_459' title='bbox 3811 4195 4145 4262; x_wconf 73' lang='lat' dir='ltr'>vicorumque</span> <span class='ocrx_word' id='word_1_460' title='bbox 4193 4197 4388 4252; x_wconf 83' lang='lat' dir='ltr'>incolas</span> 
     </span>
     <span class='ocr_line' id='line_1_36' title="bbox 897 4275 4385 4346; baseline 0.001 -12"><span class='ocrx_word' id='word_1_461' title='bbox 897 4285 957 4334; x_wconf 73' lang='lat' dir='ltr'>ea</span> <span class='ocrx_word' id='word_1_462' title='bbox 992 4294 1197 4346; x_wconf 89' lang='lat' dir='ltr'>quoque</span> <span class='ocrx_word' id='word_1_463' title='bbox 1231 4277 1490 4329; x_wconf 85' lang='lat' dir='ltr'>retulerim</span> <span class='ocrx_word' id='word_1_464' title='bbox 1524 4278 1713 4339; x_wconf 77' lang='lat' dir='ltr'>verba,</span> <span class='ocrx_word' id='word_1_465' title='bbox 1757 4291 1891 4342; x_wconf 91' lang='lat' dir='ltr'>quae</span> <span class='ocrx_word' id='word_1_466' title='bbox 1927 4275 2013 4328; x_wconf 86' lang='lat' dir='ltr'>lin.</span> <span class='ocrx_word' id='word_1_467' title='bbox 2053 4278 2146 4337; x_wconf 74' lang='lat'>12,</span> <span class='ocrx_word' id='word_1_468' title='bbox 2196 4276 2247 4327; x_wconf 87' lang='lat' dir='ltr'>iu</span> <span class='ocrx_word' id='word_1_469' title='bbox 2280 4275 2721 4330; x_wconf 82' lang='lat' dir='ltr'>Rudorffii&#39;libro</span> <span class='ocrx_word' id='word_1_470' title='bbox 2771 4293 2822 4345; x_wconf 86' lang='lat' dir='ltr'>p.</span> <span class='ocrx_word' id='word_1_471' title='bbox 2862 4278 2994 4340; x_wconf 77' lang='lat'>148,</span> <span class='ocrx_word' id='word_1_472' title='bbox 3047 4276 3289 4341; x_wconf 81' lang='lat' dir='ltr'>legimus:</span> <span class='ocrx_word' id='word_1_473' title='bbox 3350 4277 3527 4340; x_wconf 79' lang='lat' dir='ltr'>„Quei</span> <span class='ocrx_word' id='word_1_474' title='bbox 3563 4296 3720 4346; x_wconf 85' lang='lat' dir='ltr'>ager,</span> <span class='ocrx_word' id='word_1_475' title='bbox 3772 4281 3946 4344; x_wconf 85' lang='lat' dir='ltr'>locus,</span> <span class='ocrx_word' id='word_1_476' title='bbox 3992 4282 4282 4336; x_wconf 81' lang='lat' dir='ltr'>aedificium</span> <span class='ocrx_word' id='word_1_477' title='bbox 4317 4283 4385 4346; x_wconf 87' lang='lat' dir='ltr'>ei,</span> 
     </span>
     <span class='ocr_line' id='line_1_37' title="bbox 892 4360 4389 4434; baseline 0.001 -17"><span class='ocrx_word' id='word_1_478' title='bbox 892 4381 1044 4433; x_wconf 88' lang='lat' dir='ltr'>quem</span> <span class='ocrx_word' id='word_1_479' title='bbox 1090 4364 1391 4433; x_wconf 70' lang='lat' dir='ltr'>in,viasieis</span> <span class='ocrx_word' id='word_1_480' title='bbox 1437 4365 1693 4415; x_wconf 83' lang='lat' dir='ltr'>vicanisve</span> <span class='ocrx_word' id='word_1_481' title='bbox 1740 4378 1806 4414; x_wconf 83' lang='lat' dir='ltr'>ex</span> <span class='ocrx_word' id='word_1_482' title='bbox 1856 4361 1913 4412; x_wconf 90' lang='lat' dir='ltr'>S.</span> <span class='ocrx_word' id='word_1_483' title='bbox 1963 4360 2024 4412; x_wconf 86' lang='lat' dir='ltr'>C.</span> <span class='ocrx_word' id='word_1_484' title='bbox 2077 4375 2193 4416; x_wconf 83' lang='lat' dir='ltr'>esse</span> <span class='ocrx_word' id='word_1_485' title='bbox 2244 4369 2454 4428; x_wconf 84' lang='lat' dir='ltr'>oportet</span> <span class='ocrx_word' id='word_1_486' title='bbox 2503 4361 2826 4430; x_wconf 84' lang='lat' dir='ltr'>oportebitve</span> <span class='ocrx_word' id='word_1_487' title='bbox 2870 4385 2940 4402; x_wconf 85' lang='lat'>--</span> <span class='ocrx_word' id='word_1_488' title='bbox 2976 4388 3045 4400; x_wconf 93' lang='lat'>—</span> <span class='ocrx_word' id='word_1_489' title='bbox 3078 4363 3378 4431; x_wconf 44' lang='lat' dir='ltr'>—ghglocuffi</span> <span class='ocrx_word' id='word_1_490' title='bbox 3423 4364 3714 4419; x_wconf 82' lang='lat' dir='ltr'>aedificium</span> <span class='ocrx_word' id='word_1_491' title='bbox 3761 4368 3990 4434; x_wconf 82' lang='lat' dir='ltr'>privatus</span> <span class='ocrx_word' id='word_1_492' title='bbox 4040 4368 4168 4430; x_wconf 87' lang='lat' dir='ltr'>siet,</span> <span class='ocrx_word' id='word_1_493' title='bbox 4220 4383 4389 4433; x_wconf 83' lang='lat' dir='ltr'>quove</span> 
     </span>
     <span class='ocr_line' id='line_1_38' title="bbox 896 4446 4386 4519; baseline 0.001 -17"><span class='ocrx_word' id='word_1_494' title='bbox 896 4452 1059 4517; x_wconf 74' lang='lat' dir='ltr'>magis</span> <span class='ocrx_word' id='word_1_495' title='bbox 1094 4477 1155 4492; x_wconf 89' lang='lat'><em>-</em></span> <span class='ocrx_word' id='word_1_496' title='bbox 1192 4452 1309 4492; x_wconf 85' lang='lat'>--“</span> <span class='ocrx_word' id='word_1_497' title='bbox 1376 4450 1436 4502; x_wconf 87' lang='lat' dir='ltr'>ln</span> <span class='ocrx_word' id='word_1_498' title='bbox 1472 4465 1573 4515; x_wconf 88' lang='lat' dir='ltr'>qua</span> <span class='ocrx_word' id='word_1_499' title='bbox 1609 4456 1755 4517; x_wconf 85' lang='lat' dir='ltr'>parte</span> <span class='ocrx_word' id='word_1_500' title='bbox 1788 4448 1917 4513; x_wconf 82' lang='lat' dir='ltr'>legis</span> <span class='ocrx_word' id='word_1_501' title='bbox 1956 4446 2278 4504; x_wconf 82' lang='lat' dir='ltr'>restituenda</span> <span class='ocrx_word' id='word_1_502' title='bbox 2309 4447 2613 4500; x_wconf 81' lang='lat' dir='ltr'>Rudorftius</span> <span class='ocrx_word' id='word_1_503' title='bbox 2645 4448 2850 4500; x_wconf 87' lang='lat' dir='ltr'>minime</span> <span class='ocrx_word' id='word_1_504' title='bbox 2886 4447 3182 4516; x_wconf 60' lang='lat' dir='ltr'>laudandus,</span> <span class='ocrx_word' id='word_1_505' title='bbox 3206 4448 3425 4502; x_wconf 76' lang='lat' dir='ltr'>videtur.</span> <span class='ocrx_word' id='word_1_506' title='bbox 3493 4450 3629 4504; x_wconf 84' lang='lat' dir='ltr'>Nam</span> <span class='ocrx_word' id='word_1_507' title='bbox 3663 4451 3786 4517; x_wconf 89' lang='lat' dir='ltr'>quid</span> <span class='ocrx_word' id='word_1_508' title='bbox 3820 4452 3948 4504; x_wconf 88' lang='lat' dir='ltr'>illud</span> <span class='ocrx_word' id='word_1_509' title='bbox 3982 4459 4091 4514; x_wconf 86' lang='lat' dir='ltr'>est,</span> <span class='ocrx_word' id='word_1_510' title='bbox 4117 4455 4255 4519; x_wconf 88' lang='lat' dir='ltr'>quod</span> <span class='ocrx_word' id='word_1_511' title='bbox 4289 4452 4386 4504; x_wconf 83' lang='lat' dir='ltr'>ad-</span> 
     </span>
     <span class='ocr_line' id='line_1_39' title="bbox 893 4519 4389 4604; baseline 0.001 -15"><span class='ocrx_word' id='word_1_512' title='bbox 893 4535 1023 4589; x_wconf 80' lang='lat' dir='ltr'>didit</span> <span class='ocrx_word' id='word_1_513' title='bbox 1056 4536 1492 4603; x_wconf 83' lang='lat' dir='ltr'>supplementum:</span> <span class='ocrx_word' id='word_1_514' title='bbox 1553 4536 1774 4599; x_wconf 87' lang='lat' dir='ltr'>„datus‚</span> <span class='ocrx_word' id='word_1_515' title='bbox 1823 4534 2123 4596; x_wconf 78' lang='lat' dir='ltr'>adsignatus</span> <span class='ocrx_word' id='word_1_516' title='bbox 2178 4535 2453 4588; x_wconf 81' lang='lat' dir='ltr'>relictusve</span> <span class='ocrx_word' id='word_1_517' title='bbox 2488 4535 2614 4596; x_wconf 87' lang='lat' dir='ltr'>erit,</span> <span class='ocrx_word' id='word_1_518' title='bbox 2660 4534 2705 4584; x_wconf 87' lang='lat' dir='ltr'>is</span> <span class='ocrx_word' id='word_1_519' title='bbox 2739 4549 2895 4600; x_wconf 83' lang='lat' dir='ltr'>ager,</span> <span class='ocrx_word' id='word_1_520' title='bbox 2948 4519 3146 4595; x_wconf 46' lang='lat' dir='ltr'>locus,</span> <span class='ocrx_word' id='word_1_521' title='bbox 3173 4535 3464 4588; x_wconf 85' lang='lat' dir='ltr'>aedificium</span> <span class='ocrx_word' id='word_1_522' title='bbox 3516 4536 3746 4604; x_wconf 85' lang='lat' dir='ltr'>privatus</span> <span class='ocrx_word' id='word_1_523' title='bbox 3795 4538 3878 4588; x_wconf 86' lang='lat' dir='ltr'>nei</span> <span class='ocrx_word' id='word_1_524' title='bbox 3926 4542 4100 4588; x_wconf 85' lang='lat' dir='ltr'>esto.“</span> <span class='ocrx_word' id='word_1_525' title='bbox 4164 4537 4389 4591; x_wconf 86' lang='lat' dir='ltr'>Putatne</span> 
     </span>
     <span class='ocr_line' id='line_1_40' title="bbox 893 4615 4382 4690; baseline 0.001 -16"><span class='ocrx_word' id='word_1_526' title='bbox 893 4620 1229 4684; x_wconf 58' lang='lat' dir='ltr'>Eudamus,</span> <span class='ocrx_word' id='word_1_527' title='bbox 1258 4625 1429 4674; x_wconf 87' lang='lat' dir='ltr'>totum</span> <span class='ocrx_word' id='word_1_528' title='bbox 1451 4622 1541 4688; x_wconf 87' lang='lat' dir='ltr'>jus</span> <span class='ocrx_word' id='word_1_529' title='bbox 1577 4620 1833 4685; x_wconf 84' lang='lat' dir='ltr'>agrarium</span> <span class='ocrx_word' id='word_1_530' title='bbox 1871 4617 2138 4671; x_wconf 78' lang='lat' dir='ltr'>confusum</span> <span class='ocrx_word' id='word_1_531' title='bbox 2175 4627 2227 4671; x_wconf 92' lang='lat' dir='ltr'>et</span> <span class='ocrx_word' id='word_1_532' title='bbox 2261 4635 2455 4674; x_wconf 84' lang='lat' dir='ltr'>summa</span> <span class='ocrx_word' id='word_1_533' title='bbox 2488 4619 2600 4671; x_wconf 83' lang='lat' dir='ltr'>imis</span> <span class='ocrx_word' id='word_1_534' title='bbox 2636 4620 2793 4671; x_wconf 76' lang='lat' dir='ltr'>mixta</span> <span class='ocrx_word' id='word_1_535' title='bbox 2842 4635 2959 4672; x_wconf 86' lang='lat' dir='ltr'>esse</span> <span class='ocrx_word' id='word_1_536' title='bbox 2993 4635 3025 4672; x_wconf 88' lang='lat' dir='ltr'>a</span> <span class='ocrx_word' id='word_1_537' title='bbox 3060 4619 3154 4687; x_wconf 85' lang='lat' dir='ltr'>Sp.</span> <span class='ocrx_word' id='word_1_538' title='bbox 3193 4615 3420 4684; x_wconf 86' lang='lat' dir='ltr'>Thorio,</span> <span class='ocrx_word' id='word_1_539' title='bbox 3473 4621 3753 4690; x_wconf 86' lang='lat' dir='ltr'>quippequi</span> <span class='ocrx_word' id='word_1_540' title='bbox 3798 4621 4050 4685; x_wconf 88' lang='lat' dir='ltr'>noluerit,</span> <span class='ocrx_word' id='word_1_541' title='bbox 4096 4638 4252 4688; x_wconf 81' lang='lat' dir='ltr'>agros</span> <span class='ocrx_word' id='word_1_542' title='bbox 4288 4623 4382 4677; x_wconf 86' lang='lat' dir='ltr'>da·</span> 
     </span>
     <span class='ocr_line' id='line_1_41' title="bbox 895 4706 4072 4773; baseline -0.003 -12"><span class='ocrx_word' id='word_1_543' title='bbox 895 4716 978 4761; x_wconf 93' lang='lat' dir='ltr'>tos</span> <span class='ocrx_word' id='word_1_544' title='bbox 1013 4714 1068 4760; x_wconf 90' lang='lat' dir='ltr'>et</span> <span class='ocrx_word' id='word_1_545' title='bbox 1100 4708 1395 4773; x_wconf 72' lang='lat' dir='ltr'>adsignatos</span> <span class='ocrx_word' id='word_1_546' title='bbox 1436 4723 1551 4760; x_wconf 87' lang='lat' dir='ltr'>esse</span> <span class='ocrx_word' id='word_1_547' title='bbox 1585 4706 1828 4773; x_wconf 79' lang='lat' dir='ltr'>privatos.</span> <span class='ocrx_word' id='word_1_548' title='bbox 3345 4765 3348 4768; x_wconf 67' lang='lat'><em>,</em></span> <span class='ocrx_word' id='word_1_549' title='bbox 4061 4724 4072 4732; x_wconf 65' lang='lat'>.</span> 
     </span>
    </p>

    <p class='ocr_par' dir='ltr' id='par_1_12' title="bbox 766 4787 4385 5033">
     <span class='ocr_line' id='line_1_42' title="bbox 766 4787 4382 4866; baseline -0 -18"><span class='ocrx_word' id='word_1_550' title='bbox 766 4795 856 4861; x_wconf 71' lang='lat'>¹⁸)</span> <span class='ocrx_word' id='word_1_551' title='bbox 888 4796 1026 4848; x_wconf 79' lang='lat' dir='ltr'>Ante</span> <span class='ocrx_word' id='word_1_552' title='bbox 1068 4794 1247 4846; x_wconf 87' lang='lat' dir='ltr'>oculos</span> <span class='ocrx_word' id='word_1_553' title='bbox 1279 4794 1647 4855; x_wconf 80' lang='lat' dir='ltr'>versabantur,</span> <span class='ocrx_word' id='word_1_554' title='bbox 1692 4806 1827 4856; x_wconf 84' lang='lat' dir='ltr'>quae</span> <span class='ocrx_word' id='word_1_555' title='bbox 1862 4787 2269 4866; x_wconf 52' lang='lat' dir='ltr'>§abalienans</span> <span class='ocrx_word' id='word_1_556' title='bbox 2321 4799 2374 4844; x_wconf 91' lang='lat' dir='ltr'>et</span> <span class='ocrx_word' id='word_1_557' title='bbox 2420 4792 2638 4844; x_wconf 81' lang='lat' dir='ltr'>venditis</span> <span class='ocrx_word' id='word_1_558' title='bbox 2673 4794 2814 4858; x_wconf 76' lang='lat' dir='ltr'>agris</span> <span class='ocrx_word' id='word_1_559' title='bbox 2849 4792 2935 4844; x_wconf 88' lang='lat' dir='ltr'>lin.</span> <span class='ocrx_word' id='word_1_560' title='bbox 2975 4796 3036 4845; x_wconf 88' lang='lat'>11</span> <span class='ocrx_word' id='word_1_561' title='bbox 3073 4797 3126 4843; x_wconf 91' lang='lat' dir='ltr'>et</span> <span class='ocrx_word' id='word_1_562' title='bbox 3165 4794 3263 4853; x_wconf 79' lang='lat'>12,</span> <span class='ocrx_word' id='word_1_563' title='bbox 3307 4789 3549 4843; x_wconf 79' lang='lat' dir='ltr'>Rudorff.</span> <span class='ocrx_word' id='word_1_564' title='bbox 3584 4806 3635 4857; x_wconf 88' lang='lat' dir='ltr'>p.</span> <span class='ocrx_word' id='word_1_565' title='bbox 3670 4792 3769 4842; x_wconf 77' lang='lat'>147</span> <span class='ocrx_word' id='word_1_566' title='bbox 3808 4797 3862 4842; x_wconf 92' lang='lat' dir='ltr'>et</span> <span class='ocrx_word' id='word_1_567' title='bbox 3899 4793 4029 4853; x_wconf 79' lang='lat'>148,</span> <span class='ocrx_word' id='word_1_568' title='bbox 4075 4790 4143 4845; x_wconf 91' lang='lat' dir='ltr'>de</span> <span class='ocrx_word' id='word_1_569' title='bbox 4177 4792 4382 4847; x_wconf 88' lang='lat' dir='ltr'>heredi-</span> 
     </span>
     <span class='ocr_line' id='line_1_43' title="bbox 892 4874 4385 4945; baseline 0 -11"><span class='ocrx_word' id='word_1_570' title='bbox 892 4882 1037 4934; x_wconf 84' lang='lat' dir='ltr'>tariis</span> <span class='ocrx_word' id='word_1_571' title='bbox 1072 4881 1156 4934; x_wconf 84' lang='lat' dir='ltr'>lin.</span> <span class='ocrx_word' id='word_1_572' title='bbox 1196 4883 1295 4942; x_wconf 80' lang='lat'>16.</span> <span class='ocrx_word' id='word_1_573' title='bbox 1329 4875 1569 4932; x_wconf 81' lang='lat' dir='ltr'>Rudorff.</span> <span class='ocrx_word' id='word_1_574' title='bbox 1603 4893 1654 4942; x_wconf 88' lang='lat' dir='ltr'>p.</span> <span class='ocrx_word' id='word_1_575' title='bbox 1693 4879 1821 4939; x_wconf 71' lang='lat'>150,</span> <span class='ocrx_word' id='word_1_576' title='bbox 1859 4876 1923 4927; x_wconf 89' lang='lat' dir='ltr'>de</span> <span class='ocrx_word' id='word_1_577' title='bbox 1961 4875 2108 4928; x_wconf 71' lang='lat' dir='ltr'>euntis</span> <span class='ocrx_word' id='word_1_578' title='bbox 2144 4875 2229 4928; x_wconf 89' lang='lat' dir='ltr'>lin.</span> <span class='ocrx_word' id='word_1_579' title='bbox 2270 4880 2349 4929; x_wconf 87' lang='lat'>17.</span> <span class='ocrx_word' id='word_1_580' title='bbox 2414 4876 2658 4932; x_wconf 80' lang='lat' dir='ltr'>Rudorff.</span> <span class='ocrx_word' id='word_1_581' title='bbox 2695 4895 2746 4945; x_wconf 92' lang='lat' dir='ltr'>p.</span> <span class='ocrx_word' id='word_1_582' title='bbox 2788 4881 2885 4929; x_wconf 77' lang='lat'>151</span> <span class='ocrx_word' id='word_1_583' title='bbox 2923 4877 3062 4929; x_wconf 81' lang='lat' dir='ltr'>dicta</span> <span class='ocrx_word' id='word_1_584' title='bbox 3096 4886 3241 4939; x_wconf 82' lang='lat' dir='ltr'>sunt3</span> <span class='ocrx_word' id='word_1_585' title='bbox 3279 4883 3387 4928; x_wconf 88' lang='lat' dir='ltr'>tum</span> <span class='ocrx_word' id='word_1_586' title='bbox 3420 4889 3552 4940; x_wconf 81' lang='lat' dir='ltr'>quae</span> <span class='ocrx_word' id='word_1_587' title='bbox 3588 4874 3656 4927; x_wconf 90' lang='lat' dir='ltr'>de</span> <span class='ocrx_word' id='word_1_588' title='bbox 3690 4874 3753 4927; x_wconf 87' lang='lat' dir='ltr'>iis</span> <span class='ocrx_word' id='word_1_589' title='bbox 3788 4886 4264 4942; x_wconf 85' lang='lat' dir='ltr'>commemorantur,</span> <span class='ocrx_word' id='word_1_590' title='bbox 4299 4881 4385 4945; x_wconf 85' lang='lat' dir='ltr'>qul</span> 
     </span>
     <span class='ocr_line' id='line_1_44' title="bbox 892 4960 4385 5033; baseline 0.001 -15"><span class='ocrx_word' id='word_1_591' title='bbox 892 4968 1219 5032; x_wconf 83' lang='lat' dir='ltr'>possessione</span> <span class='ocrx_word' id='word_1_592' title='bbox 1248 4965 1303 5018; x_wconf 84' lang='lat' dir='ltr'>vi</span> <span class='ocrx_word' id='word_1_593' title='bbox 1338 4965 1492 5031; x_wconf 77' lang='lat' dir='ltr'>ejecti</span> <span class='ocrx_word' id='word_1_594' title='bbox 1521 4965 1641 5016; x_wconf 78' lang='lat' dir='ltr'>sunt</span> <span class='ocrx_word' id='word_1_595' title='bbox 1673 4960 1977 5026; x_wconf 70' lang='lat' dir='ltr'>omninoque</span> <span class='ocrx_word' id='word_1_596' title='bbox 2012 4960 2079 5013; x_wconf 90' lang='lat' dir='ltr'>de</span> <span class='ocrx_word' id='word_1_597' title='bbox 2108 4961 2302 5026; x_wconf 59' lang='lat' dir='ltr'>‘injusta</span> <span class='ocrx_word' id='word_1_598' title='bbox 2335 4963 2662 5029; x_wconf 82' lang='lat' dir='ltr'>possessione</span> <span class='ocrx_word' id='word_1_599' title='bbox 2681 5000 2698 5025; x_wconf 88' lang='lat'>,</span> <span class='ocrx_word' id='word_1_600' title='bbox 2732 4978 2866 5028; x_wconf 69' lang='lat' dir='ltr'>quae</span> <span class='ocrx_word' id='word_1_601' title='bbox 2900 4964 2957 5015; x_wconf 84' lang='lat' dir='ltr'>fit</span> <span class='ocrx_word' id='word_1_602' title='bbox 2990 4962 3069 5025; x_wconf 74' lang='lat' dir='ltr'>vi,</span> <span class='ocrx_word' id='word_1_603' title='bbox 3104 4964 3239 5014; x_wconf 86' lang='lat' dir='ltr'>clam</span> <span class='ocrx_word' id='word_1_604' title='bbox 3274 4969 3328 5014; x_wconf 89' lang='lat' dir='ltr'>et</span> <span class='ocrx_word' id='word_1_605' title='bbox 3359 4960 3629 5030; x_wconf 83' lang='lat' dir='ltr'>precario,</span> <span class='ocrx_word' id='word_1_606' title='bbox 3668 4961 3752 5014; x_wconf 83' lang='lat' dir='ltr'>liu.</span> <span class='ocrx_word' id='word_1_607' title='bbox 3793 4964 3873 5015; x_wconf 85' lang='grc'>18.</span> <span class='ocrx_word' id='word_1_608' title='bbox 3910 4960 4154 5018; x_wconf 80' lang='lat' dir='ltr'>Rudorff.</span> <span class='ocrx_word' id='word_1_609' title='bbox 4189 4982 4239 5033; x_wconf 91' lang='lat' dir='ltr'>p.</span> <span class='ocrx_word' id='word_1_610' title='bbox 4266 4968 4385 5021; x_wconf 77' lang='lat'>152.</span> 
     </span>
    </p>

    <p class='ocr_par' dir='ltr' id='par_1_13' title="bbox 766 5044 3235 5118">
     <span class='ocr_line' id='line_1_45' title="bbox 766 5044 3235 5118; baseline -0.001 -17"><span class='ocrx_word' id='word_1_611' title='bbox 766 5049 859 5116; x_wconf 73' lang='lat'>⁴⁹)</span> <span class='ocrx_word' id='word_1_612' title='bbox 890 5050 972 5102; x_wconf 87' lang='lat' dir='ltr'>De</span> <span class='ocrx_word' id='word_1_613' title='bbox 997 5051 1204 5116; x_wconf 83' lang='lat' dir='ltr'>judiciis</span> <span class='ocrx_word' id='word_1_614' title='bbox 1240 5050 1458 5118; x_wconf 81' lang='lat' dir='ltr'>agrariis</span> <span class='ocrx_word' id='word_1_615' title='bbox 1493 5049 1665 5114; x_wconf 74' lang='lat' dir='ltr'>agitur</span> <span class='ocrx_word' id='word_1_616' title='bbox 1697 5046 1783 5098; x_wconf 85' lang='lat' dir='ltr'>lin.</span> <span class='ocrx_word' id='word_1_617' title='bbox 1815 5049 1884 5101; x_wconf 78' lang='grc'>33</span> <span class='ocrx_word' id='word_1_618' title='bbox 1908 5074 1955 5086; x_wconf 85' lang='grc'>-</span> <span class='ocrx_word' id='word_1_619' title='bbox 1979 5048 2081 5109; x_wconf 77' lang='grc'>43,</span> <span class='ocrx_word' id='word_1_620' title='bbox 2112 5044 2354 5101; x_wconf 84' lang='lat' dir='ltr'>Rndorff.</span> <span class='ocrx_word' id='word_1_621' title='bbox 2391 5065 2441 5115; x_wconf 86' lang='lat' dir='ltr'>p.</span> <span class='ocrx_word' id='word_1_622' title='bbox 2480 5051 2578 5101; x_wconf 81' lang='grc'>161</span> <span class='ocrx_word' id='word_1_623' title='bbox 2599 5076 2658 5092; x_wconf 86' lang='lat'>-·</span> <span class='ocrx_word' id='word_1_624' title='bbox 2681 5052 2779 5104; x_wconf 87' lang='grc'>166</span> <span class='ocrx_word' id='word_1_625' title='bbox 2813 5057 2867 5102; x_wconf 90' lang='lat' dir='ltr'>et</span> <span class='ocrx_word' id='word_1_626' title='bbox 2901 5066 2953 5114; x_wconf 85' lang='lat' dir='ltr'>p.</span> <span class='ocrx_word' id='word_1_627' title='bbox 2992 5051 3235 5102; x_wconf 72' lang='lat'>75—82.</span> 
     </span>
    </p>
   </div>
   <div class='ocr_carea' id='block_1_7' title="bbox 4849 89 4858 1013">
    <p class='ocr_par' dir='ltr' id='par_1_14' title="bbox 4849 89 4858 1013">
     <span class='ocr_line' id='line_1_46' title="bbox 4849 89 4858 1013; baseline 0 0"><span class='ocrx_word' id='word_1_628' title='bbox 4849 89 4858 1013; x_wconf 95' lang='lat' dir='ltr'> </span> 
     </span>
    </p>
   </div>
   <div class='ocr_carea' id='block_1_8' title="bbox 4843 89 4865 4157">
    <p class='ocr_par' dir='ltr' id='par_1_15' title="bbox 4843 89 4865 4157">
     <span class='ocr_line' id='line_1_47' title="bbox 4843 89 4865 4157; baseline 0 0"><span class='ocrx_word' id='word_1_629' title='bbox 4843 89 4865 4157; x_wconf 95' lang='lat' dir='ltr'> </span> 
     </span>
    </p>
   </div>
  </div>
 </body>
</html>
