4902 6040
1860 484 2167 511 —
2331 446 2397 532 τ
2568 480 2874 511 ψ

536 658 931 742 exoptatum
993 645 1232 714 lubuit
1300 650 1612 713 eventum
1628 691 1649 727 ,
1715 664 1934 732 neque
1984 643 2098 709 lex
2157 643 2456 735 agraria,
2525 663 2699 733 quae
2747 649 3025 710 auctore
3087 636 3214 727 Sp.
3267 636 3502 707 Cassio
3554 638 3828 709 consule
3883 638 3921 687 2
3937 639 4028 730 ⁸)
4066 642 4211 715 lata

539 783 655 840 est.
752 767 1010 836 Factae
1074 764 1345 855 quidem
1412 773 1567 830 sunt
1633 763 1969 830 interdum
2034 764 2185 855 agri
2248 762 2507 852 publici
2580 762 2937 829 divisiones
3001 766 3072 827 et
3121 757 3597 850 assignationes
3652 759 3784 849 2ἢ)
3804 809 3825 846 ,
3901 769 3974 827 at
4023 761 4212 853 quod

536 890 821 959 divisum
872 893 975 954 est
1030 894 1098 952 et
1145 884 1553 974 assignatum
1572 932 1591 968 ,
1669 882 1840 949 nihil
1904 881 2050 950 fere
2096 881 2225 949 fuit
2276 881 2364 949 ad
2408 882 2558 973 agri
2606 879 2864 972 publici
2918 878 3426 969 amplitudinem
3447 925 3468 962 ,
3544 880 3661 967 qui
3707 882 4209 970 possessoribus

530 1011 801 1079 relictus
854 1016 972 1073 est.
1074 1003 1370 1071 Tantum
1418 1011 1647 1071 tamen
1697 1024 1826 1092 per
1876 1002 2003 1093 Sp.
2057 1000 2364 1069 Cassium
2414 1000 2650 1091 adepti
2706 1008 2897 1066 erant
2947 996 3207 1099 plebeji
3228 1047 3247 1083 ‚
3321 1005 3395 1065 ut
3443 1016 3621 1064 nunc
3672 997 3825 1088 jam
3873 1000 4210 1071 haberent

527 1131 755 1221 legem
804 1126 1006 1193 latam
1052 1132 1123 1189 et
1152 1129 1527 1212 ,acceptam
1584 1119 1713 1210 2⁵)
1731 1169 1751 1206 ,
1819 1144 1955 1212 qua
2002 1118 2093 1189 ad
2139 1095 2549 1190 estandas
2613 1098 3126 1211 postulationes'
3153 1138 3300 1184 suas
3352 1124 3699 1184 uterentur
3748 1126 3813 1186 et
3864 1119 3953 1185 ad
4005 1142 4210 1210 qnam

528 1255 841 1341 possent,
929 1239 1321 1331 injustitiam
1400 1250 1793 1309 accusantes
1859 1240 2293 1331 patriciorum
2312 1289 2333 1326 ‚
2418 1239 2662 1307 merito
2726 1258 3127 1328 provocare.
3246 1235 3329 1304 ld
3399 1256 3564 1313 vero
3631 1236 3894 1327 quoties
3957 1238 4210 1307 factum

531 1366 665 1437 est!
722 1365 852 1454 2⁶)
957 1361 1184 1445 Quam
1233 1380 1439 1450 saepe
1488 1361 1599 1427 lex
1647 1361 1910 1452 agraria
1927 1407 1948 1444 ,
2024 1359 2209 1427 elusa
2274 1380 2546 1450 semper
2592 1358 3032 1448 patriciorum
3086 1358 3331 1425 astutia
3378 1365 3449 1423 et
3498 1354 3896 1441 calliffitate,
3967 1381 4010 1425 a
4059 1358 4212 1426 for-

529 1487 707 1556 tibus
774 1480 1051 1553 tribunis
1129 1479 1349 1571 plebis
1419 1489 1738 1569 tanquam
1807 1480 2063 1568 clipeus
2144 1489 2379 1546 contra
2441 1488 2616 1544 artes
2695 1476 2969 1544 illorum
3051 1485 3122 1543 et
3187 1477 3641 1568 arrogantiam
3706 1456 4060 1567 producta¹
4107 1488 4211 1546 est

531 1618 598 1675 et
677 1603 1125 1694 effingunt-nn
1142 1648 1162 1685 ,
1250 1609 1328 1668 ut
1389 1599 1670 1668 tandem
1757 1596 2122 1687 aliquando
2198 1619 2347 1665 eam
2430 1605 2971 1685 exsequerentur.
3087 1594 3249 1663 Jam
3314 1614 3480 1664 vero
3547 1595 3931 1687 saepissime
4003 1619 4208 1686 prae-

531 1726 666 1793 cisa
729 1717 1161 1814 plebejornm
1226 1739 1351 1809 spe
1414 1728 1482 1785 et
1531 1726 1806 1810 optato,
1874 1716 2136 1807 prodiit
2193 1716 2472 1784 tandem
2520 1714 2814 1783 Licinius
2882 1715 3080 1784 Stolo
3138 1714 3267 1803 2Τ)
3286 1761 3307 1793 ,
3386 1715 3686 1783 tribunus
3753 1714 3973 1807 plebis
3993 1764 4014 1799 ,
4085 1716 4205 1806 qui

566 1924 622 1956 ¹³
694 1920 871 1972 Livius
909 1919 995 1981 11,
1030 1922 1116 1972 41.
3481 1947 3488 1955 =

563 1923 657 2073 ¹⁴3
691 2006 871 2058 Livius
902 2003 1002 2067 111,
1041 2007 1090 2066 1,
1123 2002 1340 2068 Dionys.
1375 2001 1496 2055 Hal.
1533 2000 1632 2067 IX,
1664 2006 1753 2066 59,
1786 2000 1903 2054 Liv.
1939 1998 2032 2063 IV,
2069 2002 2154 2063 11,
2187 2004 2274 2064 30,
2307 2003 2395 2062 47,
2428 2002 2515 2062 49,
2551 1999 2743 2053 Zonar.
2784 1998 2964 2051 Annal.
2999 1996 3117 2060 vn,
3152 2000 3239 2061 20,
3276 1997 3392 2050 Liv.
3431 1998 3496 2062 V,
3517 2004 3620 2063 24,
3655 1994 3741 2064 30,
3779 2002 3870 2065 vl,
3904 2003 3958 2063 4,
3996 2003 4079 2061 16,
4111 2000 4200 2051 21.

564 2092 659 2151 θ’)
692 2089 952 2144 Niebubrs
985 2088 1242 2142 romische
1276 2086 1591 2141 Geschichte
1625 2087 1724 2139 ΒΔ.
1762 2087 1813 2139 11
1849 2104 1901 2155 p.
1940 2089 2071 2147 196,
2107 2085 2265 2138 dritte
2298 2086 2535 2151 Auflage.

568 2177 660 2244 ⁹⁶)
694 2176 873 2229 Livius
907 2175 987 2238 ΙΙ,
1025 2180 1124 2239 42,
1161 2177 1258 2237 43,
1294 2177 1396 2236 44,
1439 2175 1539 2235 48,
1584 2173 1795 2237 Dionys.
1832 2171 1954 2224 Hal.
1990 2169 2100 2233 lx,
2155 2175 2216 2233 1,
2256 2174 2349 2234 18,
2404 2170 2581 2233 Livius
2616 2170 2701 2233 11,
2736 2175 2837 2233 52,
2871 2174 2972 2233 53,
3014 2169 3232 2236 Dionys.
3268 2169 3390 2222 Hal.
3424 2170 3536 2235 IX,
3571 2176 3668 2237 39,
3701 2178 3804 2237 69,
3841 2173 3959 2225 Liv.
3997 2171 4085 2235 ΙΙ,
4117 2173 4205 2232 61,

694 2267 793 2325 63,
825 2265 918 2323 64,
953 2261 1063 2323 IV,
1102 2264 1194 2323 12,
1230 2264 1326 2322 36,
1361 2262 1459 2320 43,
1494 2261 1590 2319 44,
1627 2262 1722 2320 47,
1757 2260 1853 2319 48,
1888 2260 1990 2319 51,
2025 2259 2123 2320 52,
2161 2262 2260 2319 53,
2300 2257 2373 2319 V,
2412 2260 2506 2318 12,
2542 2253 2648 2317 Vl,
2681 2259 2747 2317 5,
2783 2259 2845 2316 6,
2884 2258 2968 2307 11.

567 2347 657 2414 ⁸²)
691 2346 896 2401 Primus
931 2344 1166 2411 Heynins
1202 2342 1424 2412 (Heynii
1459 2343 1728 2411 opuscula
1761 2341 1909 2394 acad.
1947 2342 2065 2395 Vol.
2101 2341 2222 2407 IV.)
2263 2341 2665 2403 demonstravit,
2702 2356 2877 2392 omnes
2913 2342 3059 2406 leges
3094 2340 3326 2407 agrarias
3364 2341 3673 2410 pertinuisse
3710 2343 3777 2396 ad
3812 2359 3995 2409 agrum
4029 2341 4200 2410 publi-

696 2448 847 2495 cum,
895 2447 1063 2498 neque
1095 2431 1163 2483 ad
1196 2428 1554 2495 aequationem
1587 2428 1853 2501 quandam
1878 2429 2129 2483 bonorum
2164 2443 2332 2493 neque
2363 2428 2432 2480 ad
2466 2425 2674 2480 modum
2706 2441 2954 2492 agrorum
2987 2426 3303 2494 privatorum
3346 2428 3706 2481 definiendum.
3774 2429 3910 2482 Post
3944 2428 4202 2494 Heynium

694 2517 1006 2571 Niebuhrius
1043 2531 1239 2568 summo
1276 2529 1391 2566 cum
1427 2514 1659 2565 acumine
1695 2513 1967 2566 discrimen
2001 2514 2383 2582 possessionum
2418 2519 2473 2565 et
2508 2527 2751 2578 agrorum
2787 2513 3102 2579 privatorum
3146 2501 3452 2579 omninoque
3489 2512 3661 2580 legum
3695 2517 4015 2580 agrariarum
4047 2516 4199 2566 finem

698 2604 953 2670 exposuit.
1024 2599 1360 2653 Niebuhrium
1395 2605 1604 2665 praeter
1637 2598 1767 2651 alios
1802 2599 1968 2651 secuti
2003 2605 2124 2651 sunt
2163 2598 2391 2663 Savigny
2441 2597 2564 2665 (das
2598 2596 2770 2649 Recht
2819 2597 2911 2649 des
2947 2597 3206 2650 Besitzes.
3275 2598 3466 2652 Fiinfte
3510 2603 3671 2665 Ausg.
3719 2602 3771 2664 S.
3811 2605 3878 2653 12
3926 2617 3974 2652 a.
4010 2617 4061 2667 p.
4103 2602 4202 2651 175

697 2687 820 2741 Not.
858 2687 938 2754 1),
971 2688 1034 2739 F.
1048 2685 1309 2738 walterus
1345 2683 1564 2752 (Gesch.
1602 2683 1654 2738 d.
1690 2687 1817 2736 rom.
1851 2682 2097 2738 Rechtsl
2135 2685 2261 2751 Cap.
2288 2682 2423 2735 xm
2458 2700 2510 2750 p.
2541 2683 2687 2749 104),
2726 2684 2901 2735 Carol.
2935 2683 3157 2736 Beierus
3193 2683 3289 2751 (ad
3313 2684 3423 2737 Cic.
3459 2684 3526 2737 de
3562 2684 3698 2737 offic.
3736 2684 3808 2748 11,
3841 2689 3945 2755 22,-
3968 2703 4019 2754 p.
4057 2684 4202 2750 152).

700 2773 895 2827 Contra
925 2771 1195 2825 Niebuhrii
1240 2769 1542 2823 sententiam
1589 2776 1762 2822 autem
1806 2770 2197 2838 disputaverunt
2241 2769 2302 2821 C.
2342 2768 2718 2822 Huellmannus
2769 2771 2930 2838 (rom.
2968 2766 3463 2836 Grundversassung
3510 2773 3563 2835 ς.
3591 2775 3669 2823 20
3708 2788 3761 2840 p.
3795 2770 3929 2837 2⁴10)
3975 2768 4100 2833 Chr.
4137 2768 4202 2820 L.

694 2856 757 2910 F.
798 2858 1097 2910 Schultzius
1134 2856 1541 2922 (Grundlegung
1574 2871 1642 2906 zu
1676 2856 1819 2907 einer
1852 2854 2154 2920 geschichtl.
2192 2853 2726 2907 Staatswissensehaft
2773 2854 2869 2907 der
2903 2854 3103 2907 Romer
3138 2857 3189 2919 ἓ.
3223 2856 3480 2921 62-64)
3518 2864 3572 2908 et
3602 2857 3699 2910 Ph.
3765 2856 3868 2908 Ed.
3908 2854 4204 2907 Huschkius

699 2943 906 3007 (Ueber
943 2943 1027 2991 die
1063 2941 1229 2991 Stelle
1264 2940 1357 2991 des
1393 2941 1557 2991 Varro
1590 2956 1690 2991 von
1740 2939 1839 2991 den
1875 2940 2167 2997 Liciniern,
2218 2940 2285 2991 de
2319 2955 2377 2991 re
2411 2947 2538 2991 rust.
2574 2939 2630 2998 l,
2665 2945 2732 2999 2,
2767 2939 2861 3000 9),
2909 2939 3230 2991 Licinianum
3277 2941 3486 2992 modum
3535 2943 3927 3005 quingentorum
3961 2941 4206 3004 jugerum

699 3031 754 3078 et
787 3024 1141 3092 possessiones
1175 3027 1231 3074 et
1263 3035 1421 3086 agros
1455 3022 1689 3088 privatos
1718 3020 1912 3089 pariter
1945 3022 2269 3088 complexum
2305 3037 2423 3074 esse
2450 3027 2713 3090 putantes.
2785 3019 3075 3076 Discrimini
3126 3023 3265 3089 quod
3299 3023 3601 3079 Huscbkius
3635 3028 3834 3089 stamit,
3869 3026 4038 3090 legem
4061 3025 4201 3077 Lici-

697 3110 830 3163 niam
873 3125 974 3161 non
1010 3111 1177 3175 legem
1209 3105 1495 3170 agrariam,
1553 3106 1647 3157 sed
1682 3107 1852 3171 legem
1894 3107 1962 3159 de
2008 3107 2162 3158 modo
2210 3108 2322 3173 agri
2366 3106 2529 3160 fuisse
2576 3109 2903 3172 existimans,
2951 3110 3158 3162 nimium
3192 3110 3403 3173 tribuit,
3460 3112 3698 3177 quoniam
3732 3111 3965 3164 omnibus
4003 3111 4204 3176 legibus

698 3196 949 3262 agrariis,
999 3192 1183 3259 quibus
1220 3190 1329 3257 jam
1379 3187 1619 3258 occupati
1665 3193 1776 3257 agri
1826 3192 2016 3260 publici
2064 3192 2424 3245 dividebantur
2472 3197 2526 3244 et
2578 3194 3001 3259 assignabantur,
3053 3195 3434 3263 amplitudinem
3483 3203 3535 3247 et
3580 3197 3785 3248 modum
3822 3196 4203 3263 possessionum

696 3282 943 3334 minutum
978 3293 1096 3332 esse
1130 3289 1226 3343 pro
1261 3283 1406 3330 certo
1443 3275 1732 3330 babendum
1768 3285 1864 3330 est.
1935 3278 2138 3329 Eodem
2171 3278 2330 3343 igitur
2357 3278 2496 3344 jure,
2534 3293 2638 3343 quo
2672 3279 2758 3331 lex
2793 3280 3020 3342 Licinia,
3063 3280 3187 3332 lieet
3220 3296 3426 3347 qnoque
3460 3282 3629 3348 legem
3663 3281 3918 3347 agrariam
3953 3280 4204 3348 Sempro⁴

698 3368 832 3422 uiam
867 3369 1037 3433 legem
1073 3362 1145 3416 de·
1172 3360 1326 3414 modo
1363 3362 1476 3427 agri
1511 3363 1792 3430 appellare.
1862 3364 2182 3417 Testimonia
2220 3379 2345 3416 vero
2379 3369 2613 3416 veterum
2646 3365 2988 3432 scriptorum,
3044 3379 3178 3431 quae
3212 3366 3279 3418 ad
3314 3368 3533 3434 primum
3578 3373 3932 3433 argumentum
3963 3382 4200 3434 compro·

698 3453 919 3505 bandum
965 3448 1261 3502 Huschkius
1318 3448 1492 3499 attulit
1535 3464 1585 3515 p.
1620 3451 1656 3498 5
1701 3455 1807 3499 not.
1856 3454 1917 3510 9,
1964 3447 2362 3502 Niebnlnriauam
2410 3450 2579 3517 potius
2625 3450 2960 3512 sententiam,
3018 3467 3173 3517 quam
3220 3452 3380 3519 ipsius
3425 3453 3710 3521 opinionem
3757 3451 4075 3504 confirmant.
4145 3451 4204 3503 ln

700 3539 933 3591 omnibns
968 3537 1100 3589 enim
1138 3533 1215 3606 his
1251 3533 1407 3594 locis,
1447 3532 1632 3598 quibus
1669 3532 1848 3586 Livius
1884 3549 2065 3599 agrum
2099 3536 2294 3597 solum,
2340 3550 2446 3587 non
2472 3548 2653 3599 ugrum
2689 3534 2945 3601 publicum
2984 3535 3143 3599 dixit,
3198 3538 3280 3588 vel
3316 3539 3416 3589 alia
3448 3538 3605 3588 verba
3641 3538 3722 3589 vel
3758 3543 3897 3590 totus
3932 3540 4206 3589 contextus

701 3626 827 3676 satis
860 3623 1116 3684 indicant,
1162 3620 1229 3671 de
1264 3634 1390 3684 agro
1429 3620 1635 3688 publico
1672 3635 1840 3686 neque
1873 3621 2077 3672 omnino
2127 3619 2193 3672 de
2242 3621 2379 3673 omni
2412 3635 2656 3686 agrorum
2702 3635 2900 3692 genere
2938 3637 3225 3677 sermonem
3277 3639 3411 3676 esse.
3477 3622 3661 3688 Neque
3697 3623 3857 3691 pluris
3889 3621 4206 3674 aestimanda

701 3716 821 3762 sunt
863 3709 1061 3773 reliqua
1111 3711 1412 3771 argumenta
1449 3704 1799 3758 Huschkiana.
1854 3705 1952 3756 ΑΒ
1990 3704 2256 3757 Huschkio
2310 3708 2360 3758 in
2408 3719 2639 3757 errorem
2674 3706 2954 3773 perductus
2994 3712 3075 3758 est
3107 3707 3443 3786 Rudorfflus,
3492 3708 3578 3772 qui
3612 3708 3665 3759 in
3699 3723 3746 3763 c.
3784 3709 3818 3761 l.
3854 3725 3904 3775 p.
3942 3712 4011 3759 26
4047 3715 4103 3759 et
4134 3712 4201 3759 27

700 3795 905 3862 repetiit
939 3791 1318 3844 Huschkiarlam
1354 3790 1675 3857 opinionem,
1725 3806 1827 3857 qua
1862 3789 2089 3842 Licinius
2124 3791 2329 3842 omnino
2364 3805 2635 3855 agrorum,
2685 3792 2795 3843 sive
2830 3793 2944 3857 quis
2982 3793 3214 3861 publicos
3264 3793 3581 3862 possideret,
3640 3794 3750 3845 sive
3784 3795 4046 3861 privatos,
4093 3794 4204 3846 sive
4247 3793 4291 3813 ⁴

693 3887 942 3946 utrosque
974 3894 1074 3929 una
1108 3876 1349 3936 haberet,
1382 3889 1538 3926 unum
1572 3875 1780 3927 modum
1813 3877 2058 3929 statuisse
2093 3882 2334 3944 putatur3
2390 3891 2442 3941 p.
2479 3879 2552 3926 28
2594 3883 2765 3930 autem
2802 3877 3108 3930 Rudorffius
3144 3881 3433 3952 grauiorem
3469 3879 3624 3930 etiam
3669 3880 3923 3950 commisit
3956 3892 4201 3939 errorem,

700 3966 766 4017 de
802 3964 989 4033 duplici
1023 3964 1176 4016 modo
1213 3963 1417 4014 loeutus
1452 3965 1506 4011 et
1536 3975 1780 4025 agrorum
1815 3961 2129 4028 privatorum
2165 3968 2220 4013 et
2252 3961 2590 4030 publicorum.
2663 3964 2734 4015 At
2770 3979 2894 4014 vero
2929 3963 3001 4014 ita
3036 3964 3220 4016 saltem
3253 3970 3481 4016 amantes
3518 3965 3770 4017 libertatis
3795 3980 4009 4033 *semper
4043 3964 4204 4015 fuisse

698 4049 962 4101 Romanos
1001 4057 1156 4117 puto,
1192 4054 1251 4099 ut
1284 4047 1422 4098 nulla
1455 4061 1676 4112 unquam
1711 4048 1830 4112 lege
1865 4046 2138 4099 dominium
2174 4053 2227 4099 et
2261 4049 2665 4116 proprietatem,
2715 4048 2860 4115 justo
2896 4049 3101 4115 quidem
3142 4049 3290 4100 titulo
3327 4053 3380 4100 et
3418 4058 3562 4102 recta
3598 4053 3799 4104 ratione
3836 4054 4201 4116 comparatam,

702 4135 915 4187 vinculis
950 4135 1093 4200 quasi
1129 4139 1183 4186 et
1214 4132 1369 4184 modo
1404 4133 1517 4183 ullo
1544 4134 1774 4185 coerceri
1811 4134 1947 4200 passi
1979 4133 2094 4186 sint.
2167 4133 2519 4199 Goettlingius
2555 4134 2605 4185 in
2641 4150 2689 4187 c„
2725 4135 2761 4187 l.
2812 4151 2861 4202 p.
2910 4138 3009 4185 351
3048 4134 3291 4185 refutavit
3325 4134 3579 4187 Husclnkii
3614 4137 3902 4204 opinionem
3937 4135 4204 4202 praeclare

701 4219 1081 4282 demonstrans,
1133 4218 1452 4270 Licinianum
1495 4218 1704 4270 modum
1750 4219 1817 4271 ad
1864 4233 2044 4283 agrum
2093 4219 2353 4285 publicum
2388 4219 2553 4269 solum
2592 4226 2646 4271 et
2681 4219 3034 4287 possessiones
3082 4218 3406 4287 pertinuisse.
3474 4220 3814 4273 Nihilominus
3866 4221 4020 4273 etiam
4069 4235 4204 4272 nunc
4271 4220 4291 4236 ²

698 4304 901 4358 Puchta
935 4305 1160 4372 (Cursus
1194 4303 1288 4355 der
1322 4302 1696 4358 Institutionen.
1767 4304 1953 4357 Erster
1987 4304 2153 4357 Band.
2224 4304 2450 4371 Leipzig
2485 4306 2616 4355 1841
2653 4322 2702 4373 p.
2739 4305 2872 4368 20³)
2914 4304 3024 4370 jam
3060 4305 3373 4369 antiquatum
3422 4307 3563 4357 illum
3614 4313 3668 4359 et
3702 4306 4020 4359 confutatum
4056 4320 4202 4358 erro·

697 4406 804 4444 rem
838 4390 1079 4452 retinuit,
1116 4403 1210 4456 pro
1245 4385 1390 4440 certo
1424 4389 1714 4453 affirmans,
1763 4389 2027 4442 Liciniana
2063 4391 2181 4456 lege
2214 4390 2443 4459 privatos
2477 4405 2634 4456 agros
2669 4391 3064 4456 quingentorum
3104 4389 3348 4456 jugerum
3400 4391 3555 4443 modo
3599 4392 4015 4459 circumscriptos
4050 4406 4200 4452 esse;

620 4523 635 4534 ,
700 4493 764 4529 an
811 4474 1005 4544 publici
1049 4489 1254 4540 quoque
1305 4474 1445 4539 agri,
1494 4490 1651 4542 posse
1699 4475 1938 4528 dubitari.
2011 4476 2206 4527 Ultimo
2241 4478 2357 4530 loco
2394 4476 2867 4528 commemorandus
2903 4481 2986 4528 est
3022 4477 3142 4528 Car.
3181 4475 3449 4528 Hoeckius
3498 4477 3682 4542 (Rom.
3721 4475 4039 4529 Geschichte
4084 4490 4199 4527 vom

700 4539 898 4614 Verfall
935 4560 1030 4613 der
1062 4559 1323 4627 Republik
1370 4559 1447 4611 bis
1482 4574 1581 4611 zur
1617 4560 1941 4627 Vollendung
1975 4560 2070 4613 der
2106 4561 2404 4615 Monarchie
2450 4570 2601 4614 unter
2638 4562 2956 4616 constantin.
3027 4562 3126 4618 Bd.
3164 4561 3219 4624 Ι,
3270 4562 3423 4614 Abth.
3461 4562 3504 4614 l.
3572 4563 3974 4629 Braunschweig
4012 4563 4199 4630 1841),

698 4648 784 4714 qui
826 4647 939 4714 ipse
987 4645 1191 4712 quidem
1237 4660 1288 4711 p.
1338 4639 1434 4707 20,
1483 4643 1750 4697 Niebuhrii
1797 4647 2100 4700 sententiam
2136 4648 2376 4715 protulit,
2427 4647 2522 4699 sed
2559 4665 2608 4715 p.
2642 4651 2713 4700 30
2744 4649 2796 4700 in
2844 4655 2948 4701 not.
2985 4651 3019 4698 5
3056 4648 3270 4700 eandem
3318 4650 3472 4701 etiam
3520 4648 3585 4699 ab
3623 4647 3889 4701 Husclikio
3938 4648 4202 4702 defensam

701 4748 818 4786 esse
852 4730 997 4783 dixit.
1070 4729 1238 4782 Multa
1285 4729 1489 4794 quidem
1535 4738 1716 4784 contra
1752 4731 2069 4785 Huschkinm
2116 4733 2332 4801 ejusque
2375 4738 2664 4784 sectatores
2713 4735 3021 4786 commoneri
3069 4741 3316 4802 possunt,
3361 4750 3496 4801 quae
3543 4735 3784 4796 omittere<
3824 4742 4034 4787 coactus
4067 4749 4200 4787 sum.

702 4817 874 4871 Unum
916 4816 1044 4868 illud
1091 4817 1284 4868 dixisse
1330 4816 1456 4882 satis
1502 4817 1628 4878 erit,
1675 4817 1860 4870 Licinii
1906 4819 2136 4871 Stolonis
2181 4813 2414 4887 tempore
2461 4818 2726 4870 Romanos
2775 4836 2875 4872 non
2929 4822 3031 4887 jam
3080 4820 3320 4873 habuisse
3371 4827 3563 4873 tantam
3613 4821 3924 4888 privatorum
3961 4835 4202 4886 agrorum

709 4903 937 4968 copiam,
986 4908 1044 4952 ut
1089 4901 1294 4953 modum
1343 4903 1733 4968 quingentorum
1772 4912 2014 4971 jngemm
2062 4906 2182 4971 lege
2229 4906 2440 4959 definire
2491 4919 2706 4958 necesse
2753 4905 2924 4960 fuerit.
2997 4907 3098 4962 Qui
3145 4923 3242 4975 per
3285 4907 3625 4959 venditionem
3668 4907 3749 4958 vel
3803 4906 4202 4972 assignationem

704 4988 890 5057 privati
923 4986 1112 5040 redditi
1149 4993 1297 5038 erant
1332 4989 1463 5053 agri,
1499 5003 1592 5039 eos
1626 5004 1803 5042 omnes
1837 4990 2027 5058 plebeji
2063 4991 2177 5044 sere
2209 4992 2308 5043 soli
2344 4990 2629 5056 habebant,
2667 4993 2896 5060 patriciis
2941 4993 3199 5062 publicum
3235 5007 3415 5059 agrum
3449 4990 3847 5062 possidentibus.
3920 4992 4054 5046 Vide
4085 4992 4201 5047 Liv.

706 5073 810 5137 IV,
846 5074 918 5126 48
952 5078 1007 5124 et
1040 5071 1295 5125 Huschkii
1327 5072 1487 5142 ipsius
1523 5075 1915 5143 explicationem
1950 5077 2000 5128 in
2035 5094 2080 5130 c.
2117 5078 2150 5132 l.
2188 5094 2239 5147 p.
2274 5080 2358 5130 78.
