4902 6040
542 1930 553 1938 “
593 1848 1063 2015 Quanquam·
1104 1921 1459 2012 imperium
1475 1972 1495 2007 ,
1550 1921 1737 2012 quod
1767 1922 2062 1989 Romani
2111 1923 2309 1990 armis
2363 1934 2433 1991 et
2481 1924 2546 1990 vi
2598 1922 3034 1990 obtinuerunt
3052 1971 3071 2007 ‚
3123 1943 3289 2012 prae
3340 1921 3572 1987 ceteris
3606 1919 3829 2011 regnis
3881 1930 3951 1985 et
3995 1919 4256 2009 magni-

591 2037 824 2105 tudine
876 2037 1191 2139 excelluit
1257 2052 1327 2108 et
1378 2040 1814 2109 diuturnitate
1830 2091 1850 2127 ,
1918 2040 2085 2109 illud
2150 2051 2376 2133 tamen
2432 2041 2640 2108 iatius
2706 2042 2928 2133 patuit
2997 2051 3065 2109 et
3134 2040 3396 2133 longius
3462 2039 3725 2107 duravit
3742 2088 3762 2124 ,
3832 2035 4021 2127 quod
4066 2038 4256 2104 insti-

589 2142 754 2223 tutis
815 2158 947 2225 suis
1014 2169 1083 2226 et
1146 2158 1410 2253 legibus
1479 2180 1634 2237 cum
1699 2160 1841 2228 aliis
1906 2160 2282 2229 nationibus
2351 2160 2927 2230 communicandis
2999 2169 3068 2227 et
3119 2183 3325 2251 super
3389 2168 3607 2227 totum
3651 2167 3980 2225 terrarum
4031 2156 4261 2224 orbem

588 2273 1052 2366 propagandis
1106 2279 1230 2346 sibi
1281 2288 1801 2369 compararunt,
1876 2281 2136 2371 quippe
2187 2280 2374 2369 quod
2435 2268 2647 2370 usque
2704 2280 2794 2347 ad
2843 2289 3143 2347 nostram
3207 2280 3408 2349 etiam
3472 2287 3761 2347 aetatem
3829 2296 4062 2343 omnes
4107 2256 4258 2343 ‘Eu-

520 2480 527 2486 ‘
590 2395 821 2484 ropaei
870 2396 1114 2486 populi
1178 2398 1539 2488 patiantur.
1641 2398 1921 2467 Nullum
1975 2421 2134 2467 vero
2201 2418 2285 2466 ex
2346 2400 2659 2467 institutis
2724 2398 2995 2468 illorum
3057 2399 3339 2466 inveniri
3405 2420 3607 2490 posse
3672 2395 3961 2464 arbitror
3976 2444 3996 2480 ,
4073 2394 4260 2485 quod

588 2533 743 2579 cum
818 2516 1053 2583 ceteris
1116 2538 1340 2606 paene
1407 2517 1712 2585 omnibus
1780 2520 1998 2613 magis
2066 2516 2429 2588 cohaereat
2492 2493 2900 2609 majorisque
2967 2519 3052 2586 sit
3115 2518 3438 2586 momenti
3471 2516 3597 2584 nd
3654 2538 3759 2584 res
3822 2524 3888 2583 et
3954 2515 4257 2606 publicas

471 2644 485 2655 ²
589 2641 655 2695 et
702 2632 997 2722 privatas
1062 2647 1242 2705 recte
1307 2636 1820 2730 intelligendas,
1892 2660 2095 2728 quam
2144 2639 2238 2705 rei
2305 2638 2609 2730 agrariae
2660 2640 2830 2706 ratio
2884 2648 2952 2707 et
2997 2638 3232 2727 legum
3300 2636 3709 2727 agrariarum
3761 2635 4083 2729 cognitio.
4125 2638 4129 2647 ’
4184 2634 4260 2701 ln

587 2770 836 2840 magna
903 2763 1129 2822 autem
1196 2753 1345 2848 ejus
1411 2757 1508 2824 rei
1564 2759 1897 2850 gravitate
1947 2756 2202 2825 infelici
2267 2779 2423 2825 casu
2486 2756 2782 2843 accidit,
2830 2768 2907 2825 ut
2953 2756 3144 2825 nobis
3214 2777 3420 2846 parca
3471 2754 3688 2823 solum
3740 2762 4126 2822 conservata
4152 2752 4284 2861 ‘sit'-

585 2866 734 2956 ejus
785 2872 1019 2940 notitia
1070 2896 1285 2964 eaque
1350 2876 1578 2943 multis
1643 2865 1862 2947 modis
1911 2876 2331 2966 imperfecta.
2430 2876 2667 2966 Neque
2734 2878 2911 2944 enim
2979 2885 3232 2943 veteres
3295 2897 3519 2942 rerum
3586 2875 3949 2965 scriptores
3999 2873 4259 2941 Roma-

584 3006 821 3055 narum
846 3009 1046 3078 „opus
1098 3010 1242 3104 esse
1290 2998 1618 3080 putarunt
1681 2991 1895 3078 multa
1945 2990 2168 3059 dicere
2226 2990 2312 3058 de
2362 2989 2627 3083 legibus
2677 2992 2953 3084 agrariis
2970 3041 2990 3077 ,
3062 3012 3232 3082 quae
3284 2990 3710 3080 quotidianae
3757 2988 3900 3059 fere
3951 2989 4259 3058 ordinum

585 3105 963 3176 discordiae
1015 3111 1293 3178 materia
1338 3118 1838 3200 proptereaque
1903 3111 2152 3179 civibus
2206 3110 2515 3179 omnibus
2568 3111 2722 3179 satis
2774 3120 2979 3179 notae
3001 3101 3011 3115 ’
3034 3120 3285 3192 essent,
3357 3112 3586 3210 *neque
3635 3110 3960 3200 temporis
4009 3108 4255 3198 iniqui-

587 3235 688 3292 tas
745 3245 1012 3311 eorum,
1067 3250 1242 3317 quae
1289 3227 1376 3295 ab
1434 3228 1564 3296 illis
1606 3229 1863 3297 tradita
1915 3237 1984 3297 et
2022 3239 2327 3297 enarrata
2378 3216 2601 3313 erant,
2653 3252 2973 3320 magnam
3020 3240 3282 3320 partem
3333 3230 3647 3319 ipsasque
3697 3231 3927 3321 legum
3986 3227 4253 3296 tabulas

584 3366 790 3434 usque
858 3344 947 3413 ad
1021 3356 1318 3414 nostram
1384 3352 1798 3418 conservavit
1859 3349 2271 3417 memoriam.
2389 3350 2839 3418 Plurimarum
2911 3349 3138 3440 legum
3224 3350 3639 3440 agrariarum
3700 3348 3929 3417 brevia
3993 3353 4255 3414 tantum

583 3474 939 3554 supersunt
1012 3478 1080 3533 et
1144 3489 1382 3534 manca
1446 3469 1823 3536 testimonia
1888 3492 2100 3559 eaque
2169 3491 2253 3536 ex
2320 3468 2636 3560 dispersis
2702 3469 3036 3537 variorum
3073 3468 3268 3536 -locis
3337 3469 3740 3558 scriptorum
3804 3488 4006 3559 aegre
4057 3465 4253 3534 colli-

585 3584 831 3674 genda.
938 3584 1097 3653 Una
1162 3598 1261 3654 est
1328 3587 1438 3654 lex
1505 3589 1801 3681 agraria,
1867 3587 1957 3657 de
2025 3587 2211 3680 cujus
2280 3588 2514 3657 tabula
2562 3589 3008 3680 inscriptionis
3074 3588 3304 3656 relicta
3356 3598 3510 3655 sunt
3575 3589 3798 3656 lacera
3843 3585 4249 3680 fragmenta,

584 3705 655 3771 in
723 3705 961 3772 museis
1026 3705 1481 3797 Neapolitano
1560 3718 1629 3791 et
1697 3685 2203 3776 vindobonensi
2281 3711 2589 3799 exposita
2660 3707 2758 3800 1).
2888 3710 2967 3777 ln
3034 3707 3139 3777 his
3217 3706 3611 3800 fragmentis
3687 3715 3911 3774 autem
3983 3706 4248 3775 tametsi

582 3823 776 3892 deest
852 3843 1129 3892 nomen·
1186 3828 1471 3895 auctoris
1553 3827 1758 3921 legis,
1844 3849 2064 3916 neque
2139 3850 2387 3913 annuS,
2468 3850 2604 3918 quo
2667 3829 2777 3896 lex
2840 3828 3006 3896 lata'
3044 3838 3184 3910 est,
3233 3835 3486 3918 aperte
3564 3825 3934 3912 indicatur,
4020 3837 4244 3912 tamen

581 3945 707 4010 viri
779 3942 967 4011 docti
1033 3956 1321 4036 propter
1402 3955 1873 4037 argumentum
1954 3946 2044 4013 ad
2112 3943 2444 4015 Thoriam
2530 3971 2612 4015 ea
2680 3948 2904 4039 legem
2980 3949 3377 4038 pertinuisse
3444 3967 3526 4013 ex
3606 3967 3820 4035 eaque
3893 3965 4236 4036 superesse

580 4063 900 4152 suspicati
968 4075 1136 4133 sunt.
1216 4108 1233 4120 ·
1254 4065 1321 4132 A
1371 4065 1806 4157 scriptoribus
1872 4088 2034 4134 vero
2096 4067 2430 4138 veteribus
2493 4068 2724 4158 paucis
2792 4068 2862 4135 in
2932 4067 3130 4152 lociS,
3208 4065 3309 4132 bis
3387 4089 3427 4132 a
3494 4064 3821 4135 Cicerone
3877 4062 3953 4153 ²)
4024 4074 4091 4131 et
4153 4063 4239 4132 ab

661 4262 716 4330 ¹)
752 4261 834 4314 De
868 4264 1009 4314 varia
1043 4262 1251 4318 sottum
1282 4263 1685 4330 fraffluentorum
1719 4251 1923 4317 locutus
1959 4273 2039 4319 est
2071 4264 2377 4318 Rudorffius
2410 4265 2464 4317 in
2497 4265 2661 4318 libro:
2720 4266 2830 4320 Das
2866 4267 3218 4331 Ackergesetz
3255 4264 3349 4315 des
3385 4264 3603 4331 Spurius
3637 4261 3861 4315 Thorius
3896 4263 4087 4315 wieder
4118 4262 4239 4317 her-

748 4348 965 4415 gestent
998 4348 1102 4399 und
1137 4350 1387 4401 erliutert
1420 4365 1521 4401 von
1556 4350 1646 4402 Dr.
1684 4351 1747 4403 A.
1786 4350 1848 4401 A.
1883 4350 1945 4401 F.
1982 4350 2223 4404 Rudorff.
2292 4351 2500 4413 Berlin,
2539 4355 2689 4406 1839.
2760 4351 2841 4402 Ab
2879 4352 3060 4404 eodem
3097 4349 3373 4402 Rudorffio
3409 4350 3629 4404 citantur
3662 4348 3778 4399 libri
3813 4347 3926 4399 Jac.
3963 4348 4239 4412 Mazochii‚

751 4434 979 4500 Sigouii,
1015 4433 1223 4497 Ursini,
1258 4433 1541 4498 Brissouii,
1575 4434 1714 4486 Justi
1747 4434 1939 4503 Lipsii,
1974 4436 2264 4499 Boissardi,
2303 4437 2546 4498 Gruteri‚
2582 4436 2785 4502 Pighii‚
2824 4438 3039 4500 Goesfi,
3077 4435 3197 4488 Chr.
3238 4435 3460 4488 Godofr.
3501 4433 3824 4496 Hoffinanni,
3861 4434 4010 4486 Alex.
4047 4434 4236 4502 Symm.

752 4518 1045 4582 mazoehii,
1095 4520 1539 4588 spangenbergii‚
1576 4521 1628 4573 iu
1661 4520 1846 4588 quibus
1880 4520 2167 4588 fragmenta
2204 4523 2335 4587 legis
2372 4521 2598 4576 Thoriae
2625 4524 2735 4589 jam
2769 4530 2920 4576 antea
2955 4526 3091 4591 typis
3128 4537 3375 4589 expressa
3409 4523 3544 4573 sunt.
3617 4519 3767 4574 Quae
3795 4521 3852 4571 ‘in
3884 4534 4064 4574 museo
4095 4519 4237 4572 Nea·

753 4606 981 4674 politano
1017 4604 1111 4657 Nr.
1149 4608 1343 4660 448·st
1386 4609 1491 4659 449
1535 4608 1771 4674 exposita
1814 4615 1933 4660 sunt
1966 4608 2256 4675 fragmenta
2289 4599 2629 4676 ipse'contuli
2662 4606 2886 4676 Neapoli
2916 4624 3030 4660 cum
3065 4607 3406 4660 Rudorsflauo
3441 4606 3736 4672 exemplari.
3841 4591 3852 4604 ’

656 4689 716 4754 ¹)
748 4692 921 4745 Cicer.
958 4690 1151 4744 Brutus
1197 4705 1243 4743 c.
1278 4695 1373 4746 362
1425 4693 1645 4759 Spurius
1680 4692 1906 4745 Thorius
1952 4696 2079 4748 satis
2125 4693 2288 4746 valuit
2333 4693 2387 4745 in
2433 4695 2667 4762 populari
2712 4709 2905 4758 genere
2941 4692 3172 4756 dicendi,
3218 4693 3262 4743 is
3309 4693 3395 4757 qui
3440 4703 3618 4756 aarum
3670 4689 3928 4758 publicum
3967 4690 4151 4740 vitiosa
4183 4698 4236 4742 et

751 4776 919 4828 inutili
961 4777 1080 4841 iege
1124 4777 1366 4841 vectigali
1411 4778 1615 4833 levavit.
1691 4778 1770 4830 De
1807 4786 1941 4832 orat.
1977 4780 2057 4842 11,
2091 4784 2184 4831 ⁷02
2242 4780 2351 4832 sed
2400 4795 2467 4836 ex
2512 4779 2590 4831 his
2635 4780 2868 4830 omuibus
2917 4778 3036 4830 nihii
3081 4778 3245 4843 magis
3280 4778 3510 4839 ridetur,
3562 4791 3715 4842 quam
3747 4775 3883 4841 quod
3915 4779 3997 4826 est
4029 4783 4237 4842 praeter

753 4863 1219 4928 exspectationem,
1256 4863 1402 4928 cujus
1435 4863 1824 4916 innumerabilia
1852 4873 1975 4918 suut
2007 4865 2272 4932 exempla,
2309 4867 2391 4917 vel
2424 4864 2580 4932 Appii
2613 4865 2822 4931 majoris
2857 4866 3021 4928 iuius,
3057 4865 3145 4931 qui
3177 4865 3230 4916 iu
3263 4869 3477 4924 senatu,
3530 4877 3684 4928 quum
3717 4864 3959 4925 ageretur
3993 4859 4060 4912 de
4094 4864 4234 4928 agris

750 4946 968 5013 publicis
1002 4958 1057 5002 et
1090 4948 1158 5000 de
1204 4941 1324 5012 lege
1357 4946 1554 5000 Thoria
1588 4955 1642 4998 et
1673 4957 1993 5015 premeretur
2031 4950 2256 5002 Lucilius
2292 4950 2359 5004 ab
2392 4951 2491 5012 iis,
2540 4951 2629 5016 qui
2663 4967 2696 5002 a
2726 4965 2920 5017 pecore
2954 4950 3068 5016 ejus
3101 4950 3312 5018 depasci
3344 4963 3499 5014 agros
3544 4947 3774 5015 publicos
3806 4943 4067 5010 dicerent,
4114 4947 4234 5001 Non

748 5038 863 5094 0⁸1³
898 5034 1089 5098 inquit,
1124 5033 1310 5086 Lucilii
1346 5049 1506 5100 poem
1538 5032 1694 5094 illud3
1731 5036 1942 5098 erratis,
1979 5035 2289 5104 (defendere
2322 5034 2577 5088 Lucilium
2610 5035 2910 5102 videbatur)
2947 5050 3048 5102 ego
3082 5036 3297 5089 liberum
3330 5041 3457 5102 puto
3491 5047 3636 5094 ωας
3668 5044 3770 5096 qu
3793 5029 3954 5095 lubet,
3986 5034 4230 5101 pascitur.

1454 5149 1549 5184 ,q
3021 5123 3164 5194 1.*
